2111 3567
322 100 542 149 SECT.
597 101 641 149 Ι.
743 100 1050 150 PARTES
1093 104 1563 154 ANIMALES.
1717 113 1791 175 31

139 253 533 336 conferunt,
601 272 669 322 et
708 253 751 324 fi
793 254 958 324 nihil
1002 258 1330 329 eiusmodi
1377 263 1802 335 membranu-

136 346 236 415 lae
265 348 333 416 in
367 368 555 438 gutta
586 347 696 430 est,
724 348 935 428 statim
966 373 1243 443 magnus
1270 354 1534 425 illorum
1564 381 1800 428 nume-

134 465 243 508 rus
274 441 660 532 congeritur
676 497 692 521 ‚
715 460 786 509 et
818 441 1267 515 membranam
1287 450 1613 539 quandam
1633 475 1802 522 con-

137 533 448 613 stituunt,
493 534 574 602 ab
612 532 945 605 exiliffima
971 559 1177 627 aquae
1221 538 1414 610 fortis
1447 544 1797 630 particula,

135 646 203 693 ct
249 625 639 718 animalcula
677 650 1077 713 enecantur,
1133 652 1201 703 et
1244 635 1615 727 respublica
1645 637 1797 708 1110-

129 741 280 787 rum
320 719 688 793 destruitur.

664 877 1072 947 OBSERV:
1146 884 1227 947 X.

501 1049 836 1099 LARVAE
893 1050 1419 1108 MVSCARVM.
1516 1082 1519 1085 >

222 1180 463 1251 Carnis
488 1178 773 1250 bubulae
810 1180 1200 1273 Portionem
1231 1186 1599 1277 quandam,
1639 1189 1792 1261 vase

123 1273 349 1345 charta
375 1272 709 1366 perforata
736 1272 987 1358 clause,
1044 1280 1207 1348 aeris
1225 1278 1652 1371 exposuimus
1683 1308 1792 1353 ac·

122 1368 354 1450 ceffui,
416 1391 580 1437 mox
619 1391 772 1438 cum
811 1378 968 1438 caro
1006 1372 1417 1461 putrescere,
1478 1376 1792 1449 odorem-

118 1486 250 1557 que
281 1460 576 1556 spargere
603 1461 934 1555 inciperet
961 1462 1485 1549 foetidiffimum,

219 1556 276 1627 d.
307 1574 401 1639 28.
432 1555 634 1650 April.
678 1567 867 1646 1763.
915 1557 1163 1627 multae
1203 1558 1465 1630 muscae
1513 1565 1787 1635 accede-

119 1647 315 1730 bant,
365 1649 596 1741 ibique
629 1651 828 1721 ouula
851 1648 959 1720 sua
984 1674 1104 1737 per
1121 1652 1384 1723 chartae
1410 1656 1787 1748 perforatae

116 1742 372 1812 orificia
397 1744 846 1836 deponebant.

215 1837 269 1907 d.
301 1863 364 1926 4.
398 1842 564 1906 Mai.
663 1837 925 1907 Caloris
944 1836 1165 1910 solaris
1193 1839 1583 1930 sotu‚0uula
1598 1869 1784 1917 nunc

113 1932 246 2001 iam
281 1930 622 2000 viuificata
666 1951 885 2019 erant,
951 1957 1209 2004 vermes
1250 1935 1408 2007 inde
1450 1940 1626 2008 enati
1664 1945 1690 2026 ξ
1727 1957 1780 2031 {-

113 2026 276 2120 poll.
322 2024 822 2117 longitudinem
855 2026 1259 2120 aequabant,
1310 2052 1646 2124 motuque
1688 2061 1782 2105 νι-

110 2120 311 2200 vido,
359 2138 435 2188 vt
452 2138 521 2189 et
549 2137 822 2211 gutture
846 2121 1266 2191 voracissimo
1296 2123 1619 2197 minimos
1649 2154 1784 2200 car·

112 2214 301 2283 nium
315 2210 593 2283 receffus
607 2211 1101 2305 perscrutand0‚
1119 2215 1780 2296 circumferebantur.

207 2308 259 2376 d.
280 2330 343 2400 5.
375 2306 431 2377 h.
463 2323 521 2390 5².
551 2327 698 2374 mat.
795 2307 1057 2378 Harum
1087 2309 1413 2381 laruarum
1438 2317 1493 2380 6.
1515 2311 1781 2405 spiritus

111 2402 253 2472 vini
285 2425 420 2493 ope
446 2399 789 2482 interfeci,
833 2426 1065 2495 aquam
1106 2407 1505 2497 purissimam
1538 2411 1779 2499 affudi,

111 2516 179 2564 et
207 2493 542 2564 vasculum
574 2494 800 2565 charta
825 2495 1246 2569 foraminulis
1283 2500 1545 2594 pertusa
1574 2505 1778 2574 obtu-

104 2612 264 2659 ram.

203 2684 335 2752 (1.6.
365 2683 419 2754 h.
451 2710 514 2773 4.
541 2704 696 2777 pom.
799 2684 1138 2776 Copiosae
1173 2711 1414 2782 paruae
1454 2689 1774 2763 vesiculae

106 2800 331 2846 aereae
360 2779 428 2846 in
462 2779 725 2871 liquore
766 2779 1306 2873 conspiciuntur,
1356 2807 1615 2856 vermes
1656 2786 1772 2878 ipfi

68 2935 70 2937 ,
106 2869 385 2940 fundum
420 2871 577 2941 valis
609 2895 983 2965 occupant,
1013 2874 1106 2943 nil
1123 2875 1555 2967 globulorum
1577 2879 1769 2952 adest.

201 2965 253 3033 d.
281 2965 684 3056 8.h.9;mc1t.
787 2967 1289 3061 Copiofiffimae
1332 2997 1513 3043 nunc
1559 2975 1768 3042 mole-

107 3058 293 3127 culae
332 3083 609 3153 paruae,
653 3061 811 3130 aliae
853 3060 1181 3155 separatae
1237 3063 1558 3158 lingulae,
1610 3068 1769 3138 aliae
1860 3131 1865 3136 ,

1692 3185 1762 3234 1ss
