2111 3567
118 197 338 248 SECT.
390 196 465 245 Π.
561 190 881 261 PARTES
931 151 1576 244 VEGETABILESJ
1640 188 1720 254 81

71 350 372 423 malcula.
469 350 715 443 Aliqua
742 369 930 438 gutta
959 347 1238 440 liquoris
1264 349 1420 419 nitri
1448 349 1592 431 fixi,
1613 349 1730 442 qui

73 446 457 516 fortissimus
489 443 578 513 est
607 443 918 513 alcalinus
944 441 1199 535 liquor,
1250 444 1477 513 omnia
1512 447 1732 515 extin-

69 541 232 631 guit.

164 631 218 702 d.
248 637 335 701 26.
366 627 827 721 Copiosislima
858 628 1242 700 animalcula
1271 627 1582 699 infusoria
1598 655 1732 701 me·

69 724 174 794 dia
207 745 276 793 et
306 723 583 792 minima
615 724 788 805 vidi,
836 723 950 792 vix
988 723 1255 793 maioris
1298 721 1539 817 speciei
1582 726 1731 794 vni-

69 841 224 887 cum
265 817 568 885 inuenire
608 817 822 908 potui.
922 817 1239 907 Magnam
1284 841 1445 887 vero
1491 841 1730 910 corpu-

67 908 402 980 sculorum
449 911 716 1002 copiam
761 906 1141 986 obseruaui‚
1186 932 1269 980 ex
1307 935 1437 980 vna
1475 912 1735 984 duabus

67 1003 415 1094 tribusque
458 1003 807 1072 moleculis
852 1001 1424 1094 compositorum,
1488 1005 1734 1097 quibus

65 1120 196 1193 pro
229 1097 489 1166 ratione
519 1097 776 1167 numeri
819 1095 1336 1178 molecularum‚
1383 1097 1524 1168 aliis
1563 1097 1735 1168 viui-

67 1191 254 1272 dior‚
325 1190 469 1259 aliis
522 1190 743 1258 minus
795 1188 1225 1260 obseruabilis
1272 1209 1414 1259 erat
1469 1212 1736 1276 motus,

65 1308 231 1355 num
263 1283 428 1354 haec
453 1279 847 1373 corpuscula
876 1281 1153 1352 forraffis
1188 1282 1478 1352 residuae
1524 1286 1736 1354 maio-

64 1401 217 1448 rum
254 1377 805 1448 animalculorum
839 1397 1056 1468 partes
1096 1376 1252 1457 sint,
1296 1377 1368 1446 in
1396 1400 1567 1469 quae
1604 1379 1737 1446 dis-

64 1469 306 1552 siliere,
355 1496 510 1542 cum
545 1469 714 1538 adeo
758 1472 1039 1561 exiguus
1078 1493 1259 1538 nunc
1287 1470 1507 1539 adhuc
1543 1470 1735 1540 inue-

66 1564 290 1635 niatur
331 1566 659 1635 maiorum
716 1565 1071 1633 numerus?
1143 1562 1452 1655 Spiculae
1496 1561 1734 1635 salinae

64 1656 196 1732 iam
223 1659 294 1729 in
317 1658 532 1732 fluido
560 1677 975 1751 generantur.

599 1858 1192 1934 SECT.111.

530 2016 1256 2077 EPICRKISES.

160 2156 674 2252 Spinosissimam
709 2155 853 2227 sane
883 2181 1095 2239 nune,
1138 2156 1282 2225 imo
1314 2154 1575 2226 carduis
1601 2154 1731 2248 spi-

66 2251 306 2344 nisque
355 2251 504 2344 ipfis
556 2250 985 2343 spinosiorem
1034 2251 1455 2342 aggredimur
1494 2252 1731 2321 trasia-

63 2349 362 2426 tionem‚
416 2344 531 2413 vbi
580 2345 913 2414 recensitis
966 2344 1513 2414 animalculorum
1557 2340 1731 2413 infu—

65 2438 395 2511 soriorum
441 2439 808 2520 attributis,
879 2439 962 2507 de
1001 2439 1267 2507 illorum
1312 2461 1587 2531 quoque
1615 2461 1730 2530 ge-

65 2531 199 2604 nesi
244 2532 441 2601 verba
492 2532 690 2602 nobis
732 2530 878 2601 sunt
918 2532 1233 2602 facienda.
1351 2531 1729 2601 Plerorum-

64 2650 198 2720 que
233 2645 301 2695 et
328 2627 721 2696 recentioris
749 2648 817 2697 et
857 2624 1252 2720 antiquioris
1282 2628 1462 2704 aeui,
1491 2627 1596 2695 ‘eo
1628 2648 1732 2695 re-

64 2720 166 2791 dit
205 2717 633 2813 physicorum
682 2719 1029 2805 sententia,
1109 2738 1182 2789 vt
1227 2719 1458 2813 prouti
1500 2718 1729 2790 omnia

66 2838 149 2885 ex
177 2837 352 2901 ou0‚
404 2813 492 2881 ita
534 2811 846 2883 infusoria
877 2836 1152 2906 quoque
1186 2812 1608 2895 animalcula,
1660 2836 1728 2883 e·

62 2908 354 2977 iusmodi
386 2907 746 2978 domiciliis
792 2905 966 2977 suam
1009 2908 1335 2977 deberent
1371 2906 1727 2997 originem.

67 3001 137 3071 Si
167 3024 334 3093 quae
367 2998 657 3094 vn'quam
690 3000 1148 3094 physiologiae
1172 2997 1728 3094 hypothesi3‚sal-

66 3115 206 3164 tem
263 3094 428 3163 haec
476 3096 639 3164 mihi
683 3098 771 3164 ita
820 3116 1206 3188 comparata
1251 3092 1373 3163 esse
1430 3094 1727 3177 videtur,

64 3207 140 3260 vt
166 3186 377 3261 multa
406 3187 583 3262 circa
606 3189 785 3262 illam
812 3191 1111 3357 mongri,
1136 3189 1325 3285 plura
1349 3209 1574 3283 autem
1602 3187 1726 3293 (ἰὸς

1348 3319 1350 3321 >
1613 3302 1728 3351 uei
