2111 3567
343 144 438 233 86
722 160 949 215 saer.
997 162 1107 215 111.
1207 159 1679 223 emensas,

342 343 462 392 urn
520 321 857 393 auersetur
910 321 1291 405 autoribus,
1355 324 1518 395 alius
1570 323 1916 397 cuiusdam
1956 343 2028 402 et

343 416 691 510 putredini
724 438 794 488 et
822 418 1247 510 corruptelae
1277 416 1503 489 fimitis
1530 442 1924 488 mutationis
1955 421 2029 492 fi-

332 535 552 602 gnum
585 513 702 582 est:
757 534 833 582 vt
874 511 1238 605 plurimum
1286 516 1536 601 primae
1571 515 1735 584 aeris
1779 515 2029 597 bullae,

339 608 411 674 in
444 606 684 677 uostris
705 603 927 676 saltem
962 603 1546 678 obseruationibus
1576 607 1888 678 horarum
1919 612 2029 678 16-

351 724 609 792 20-24.
656 704 1021 771 terminum
1067 700 1457 794 sequuntur.
1574 702 1874 774 Abiente
1915 701 2031 772 au-

342 813 488 864 tem
517 798 709 866 omni
737 797 902 866 aeris
943 795 1225 877 bullula,
1268 817 1379 866 aut
1408 796 1617 877 nulla,
1668 819 1779 868 aut
1801 794 2028 869 saltem

342 890 654 959 rariffima
686 894 1031 985 prodeunt
1058 890 1484 972 animalcula,
1533 892 1896 961 aerisenim
1927 916 2030 961 ac-

344 980 520 1054 cess'u
548 985 986 1079 integerrime
1012 983 1272 1054 recluso
1302 995 1370 1073 n)
1391 1038 1407 1069 ‚
1460 987 1633 1056 nulla
1674 1010 1798 1056 nec
1830 995 2046 1079 vege-³

345 1080 536 1152 tandi
560 1104 692 1153 nec
717 1079 1106 1152 viuificaudi
1129 1078 1570 1152 obseruantur
1602 1083 1984 1154 conamina.

1910 1176 2033 1250 IV.

492 1330 779 1394 vinculum,
836 1350 938 1400 quo
970 1344 1131 1402 partes
1157 1331 1438 1384 ssibtili6res
1471 1332 1772 1402 (particulae
1804 1345 1850 1382 et
1879 1331 2034 1383 mole-

493 1405 630 1456 culae
657 1408 995 1470 inorgauicae)
1015 1426 1120 1455 cum
1145 1407 1298 1455 crassis
1323 1409 1777 1471 coniungebantur‚
1810 1424 2035 1474 quaeque

489 1478 738 1546 separatio
772 1477 927 1527 odore
962 1482 1157 1542 ingrato
1195 1477 1289 1527 sese
1324 1478 1612 1529 manifestat.
1680 1479 1920 1529 Diffcreus
1949 1497 2034 1528 au-

492 1563 593 1601 tem
630 1565 676 1601 et
710 1552 990 1600 moderatus
1034 1551 1211 1600 caloris
1247 1553 1452 1614 gradus,
1501 1554 1558 1600 ad
1585 1550 1728 1601 talem
1769 1551 2034 1601 resolutio-

494 1642 609 1674 nem
633 1623 984 1674 absoluendam
1017 1627 1282 1673 necessario
1319 1628 1619 1694 requiritur,
1670 1625 1730 1673 ad
1765 1641 1908 1693 quam
1939 1638 2035 1674 Bo-

494 1709 739 1748 NANNVS
775 1715 973 1763 quoque
1028 1697 1233 1746 attendit
1265 1695 1296 1745 l.
1329 1717 1365 1747 c.
1402 1716 1507 1765 pag.
1543 1705 1636 1757 163.
1676 1710 1721 1746 et
1750 1716 1796 1765 p.
1835 1703 1931 1746 166.
1972 1695 2035 1747 ad

497 1770 832 1820 obietfflionem
875 1772 1008 1818 finnul
1043 1768 1321 1838 respondit,
1375 1772 1507 1840 quod
1543 1772 1658 1820 fiant
1691 1773 2034 1839 generatiofnes

495 1850 656 1911 (quas
690 1861 748 1892 ex
792 1841 872 1891 sua
917 1841 1025 1891 idea
1057 1843 1344 1910 spontaneas
1380 1843 1631 1912 appellat)
1675 1846 1726 1892 in
1775 1842 2037 1911 subiectis,

401 1956 403 1965 .
499 1931 623 1982 quae
656 1914 789 1966 malo
827 1933 928 1966 non
969 1914 1147 1966 scatent
1189 1916 1374 1979 odore,
1418 1920 1491 1969 vti
1517 1919 1567 1966 in
1608 1919 1789 1967 recenti
1817 1917 1953 1968 caseo
1987 1929 2037 1967 et

497 1986 763 2048 ssmilibus:
823 1988 913 2039 Sed
948 1988 1144 2058 putrida
1193 1993 1359 2039 omnia
1403 2008 1612 2059 corpora
1649 1988 1862 2058 aliquem
1896 1993 2037 2040 emit·

497 2071 608 2111 tunt
641 2061 851 2112 halitum
873 2078 1104 2127 grauem,
1157 2061 1267 2111 licet
1294 2081 1391 2112 nou
1418 2062 1607 2130 semper
1639 2075 1735 2112 tam
1771 2065 2036 2113 vehemens

495 2133 581 2197 fit,
617 2145 672 2186 vt
695 2138 903 2185 omnino
930 2137 1112 2185 cunetis
1143 2134 1407 2204 displiceat.
1475 2140 1582 2197 Qua
1604 2153 1725 2186 vero
1758 2149 1965 2185 1()Β1-ΟΤ
1999 2134 2035 2185 Ι.

496 2224 541 2256 c.
562 2221 678 2278 pag.
705 2226 781 2274 45.
814 2209 988 2258 fiducia
1028 2207 1235 2260 asserere
1275 2209 1415 2278 possit
1445 2208 1636 2269 nescio,
1674 2211 1725 2257 iu
1755 2207 2035 2276 liquoribus

503 2278 714 2343 odorem
744 2281 995 2350 putridum
1028 2282 1324 2349 spirantibus
1359 2280 1494 2330 nulla
1532 2282 1750 2331 inueniri
1779 2280 2037 2350 corpuscu-

464 2388 473 2395 ·
500 2346 550 2403 {a
579 2356 831 2416 viuentia,
869 2367 914 2405 et
939 2357 1201 2424 praecipue
1234 2357 1283 2404 in
1312 2353 1573 2420 sanguine,
1610 2354 1777 2404 eadem
1802 2352 1887 2403 sub
1921 2374 2038 2405 con-

502 2424 695 2476 ditione
729 2427 857 2478 nihil
890 2427 1129 2477 eiusmodi
1153 2430 1393 2496 reperiri;
1450 2445 1631 2478 vereor
1661 2428 1774 2478 sane
1790 2442 1842 2478 vt
1866 2428 1953 2477 hac
1982 2430 2038 2479 in

501 2515 558 2549 re
593 2502 941 2565 imaginationi
990 2500 1103 2550 suae
1144 2503 1368 2569 praecoci
1410 2503 1615 2550 nimium
1657 2499 1930 2565 indulgeat:
1979 2504 2038 2552 in

499 2572 708 2622 theatris
729 2588 859 2623 certe
885 2575 1202 2635 anatomicis,
1237 2575 1324 2625 vbi
1350 2576 1487 2642 copia
1509 2572 1752 2623 interdum
1785 2576 2039 2624 cuiuscun-

502 2662 598 2713 que
623 2645 807 2695 indolis
831 2647 1083 2696 obtinetur
1111 2647 1385 2711 sauguiui5‚
1420 2648 1545 2698 mihi
1570 2645 1757 2716 semper
1795 2650 2035 2713 contigit,

501 2729 556 2767 vt
577 2718 610 2766 si
633 2718 877 2769 vasculum
903 2719 991 2770 tali
1015 2716 1395 2788 sauguine-aqua
1411 2718 1568 2768 diluto
1598 2719 1866 2786 repletum,
1902 2719 2038 2770 debi-

499 2802 606 2842 tum
622 2790 1017 2858 calorisgradum
1038 2793 1298 2855 habuerit,
1337 2791 1646 2862 etputridum
1674 2790 1878 2841 odorem
1906 2791 2037 2860 spar.

501 2881 618 2928 gere
647 2866 918 2934 inceperit,
947 2864 1188 2925 myriades
1213 2862 1824 2933 semperanimalculorum
1847 2864 2035 2917 infuso·

503 2938 698 2987 riorum
725 2939 1068 2990 consuetorum
1101 2940 1435 2990 inueniantur.

431 3018 487 3073 n)
520 3013 753 3078 Superius
785 3015 880 3062 iam
917 3030 1026 3081 pag.
1054 3029 1130 3072 4¹·
1181 3014 1432 3062 occasione
1471 3009 1829 3061 obseruatiouis
1863 3014 1942 3060 Χῐ.
1980 3012 2035 3062 in

503 3081 690 3134 adiecta
719 3099 834 3135 nota
860 3105 904 3145 y.
941 3087 1234 3153 quaestionis
1274 3085 1415 3133 huius
1456 3087 1756 3133 mentionem
1799 3082 2032 3147 fecimus,

503 3173 622 3207 num
649 3159 702 3206 iu
725 3158 866 3224 locis,
897 3161 959 3209 ab
981 3161 1121 3208 omni
1142 3156 1455 3223 aereliberis⁷
1474 3155 1713 3206 infusoria
1740 3155 2034 3206 animalcula

500 3231 631 3282 oriri
652 3231 832 3302 poffint
855 3246 1001 3303 atque
1041 3233 1297 3301 oriantur,
1331 3248 1502 3288 necne.
1564 3230 1856 3283 Ratiociniis
1887 3232 2035 3281 mini-

1955 3320 2035 3353 me
