<?xml version="1.0" encoding="UTF-8"?>
<!DOCTYPE html PUBLIC "-//W3C//DTD XHTML 1.0 Transitional//EN"
    "http://www.w3.org/TR/xhtml1/DTD/xhtml1-transitional.dtd">
<html xmlns="http://www.w3.org/1999/xhtml" xml:lang="en" lang="en">
 <head>
  <title>
</title>
<meta http-equiv="Content-Type" content="text/html;charset=utf-8" />
  <meta name='ocr-system' content='tesseract 3.04.00' />
  <meta name='ocr-capabilities' content='ocr_page ocr_carea ocr_par ocr_line ocrx_word'/>
</head>
<body>
  <div class='ocr_page' id='page_1' title='image "./observationumdea00wris_0099.png"; bbox 0 0 2111 3567; ppageno 0'>
   <div class='ocr_carea' id='block_1_1' title="bbox 223 136 1782 222">
    <p class='ocr_par' dir='ltr' id='par_1_1' title="bbox 223 136 1782 222">
     <span class='ocr_line' id='line_1_1' title="bbox 223 136 1782 222; baseline 0.002 -28"><span class='ocrx_word' id='word_1_1' title='bbox 223 136 449 194; x_wconf 78' lang='lat' dir='ltr'><strong>SECT.</strong></span> <span class='ocrx_word' id='word_1_2' title='bbox 495 144 584 194; x_wconf 92' lang='lat' dir='ltr'>II.</span> <span class='ocrx_word' id='word_1_3' title='bbox 636 143 954 193; x_wconf 87' lang='lat' dir='ltr'>PARTES</span> <span class='ocrx_word' id='word_1_4' title='bbox 1002 145 1612 200; x_wconf 75' lang='lat' dir='ltr'><strong>VEGET‘ABILES.</strong></span> <span class='ocrx_word' id='word_1_5' title='bbox 1694 151 1782 222; x_wconf 78' lang='lat'>79</span> 
     </span>
    </p>
   </div>
   <div class='ocr_carea' id='block_1_2' title="bbox 96 297 1860 3290">
    <p class='ocr_par' dir='ltr' id='par_1_2' title="bbox 221 297 1780 487">
     <span class='ocr_line' id='line_1_2' title="bbox 221 297 1777 398; baseline 0.008 -33"><span class='ocrx_word' id='word_1_6' title='bbox 221 312 365 380; x_wconf 83' lang='lat' dir='ltr'>tur,</span> <span class='ocrx_word' id='word_1_7' title='bbox 419 324 454 369; x_wconf 86' lang='lat' dir='ltr'>a</span> <span class='ocrx_word' id='word_1_8' title='bbox 490 299 751 369; x_wconf 87' lang='lat' dir='ltr'>minore</span> <span class='ocrx_word' id='word_1_9' title='bbox 781 297 995 391; x_wconf 85' lang='lat' dir='ltr'>specie</span> <span class='ocrx_word' id='word_1_10' title='bbox 1041 302 1124 369; x_wconf 81' lang='lat' dir='ltr'>ad</span> <span class='ocrx_word' id='word_1_11' title='bbox 1162 301 1514 373; x_wconf 81' lang='lat' dir='ltr'>maximam</span> <span class='ocrx_word' id='word_1_12' title='bbox 1551 329 1777 398; x_wconf 80' lang='lat' dir='ltr'><strong>Vsque.</strong></span> 
     </span>
     <span class='ocr_line' id='line_1_3' title="bbox 221 391 1780 487; baseline 0.005 -26"><span class='ocrx_word' id='word_1_13' title='bbox 221 391 297 461; x_wconf 93' lang='lat' dir='ltr'>In</span> <span class='ocrx_word' id='word_1_14' title='bbox 330 393 721 487; x_wconf 86' lang='lat' dir='ltr'>quibusdam</span> <span class='ocrx_word' id='word_1_15' title='bbox 759 391 1093 483; x_wconf 79' lang='lat' dir='ltr'>lingularis</span> <span class='ocrx_word' id='word_1_16' title='bbox 1137 393 1510 466; x_wconf 83' lang='lat' dir='ltr'>vorticosus</span> <span class='ocrx_word' id='word_1_17' title='bbox 1552 402 1780 469; x_wconf 67' lang='lat' dir='ltr'>motmj</span> 
     </span>
    </p>

    <p class='ocr_par' dir='ltr' id='par_1_3' title="bbox 119 485 1777 581">
     <span class='ocr_line' id='line_1_4' title="bbox 119 485 1777 581; baseline 0.005 -28"><span class='ocrx_word' id='word_1_18' title='bbox 119 518 140 527; x_wconf 72' lang='lat'><em>-</em></span> <span class='ocrx_word' id='word_1_19' title='bbox 215 509 339 576; x_wconf 85' lang='lat' dir='ltr'>per</span> <span class='ocrx_word' id='word_1_20' title='bbox 374 509 688 576; x_wconf 80' lang='lat' dir='ltr'>magnum</span> <span class='ocrx_word' id='word_1_21' title='bbox 729 487 1082 571; x_wconf 83' lang='lat' dir='ltr'>circulum,</span> <span class='ocrx_word' id='word_1_22' title='bbox 1159 485 1272 558; x_wconf 85' lang='lat' dir='ltr'>sed</span> <span class='ocrx_word' id='word_1_23' title='bbox 1322 491 1777 581; x_wconf 85' lang='lat' dir='ltr'>pedunculum</span> 
     </span>
    </p>

    <p class='ocr_par' dir='ltr' id='par_1_4' title="bbox 175 579 643 648">
     <span class='ocr_line' id='line_1_5' title="bbox 214 579 643 648; baseline 0.004 -1.833"><span class='ocrx_word' id='word_1_24' title='bbox 214 603 357 648; x_wconf 90' lang='lat' dir='ltr'>non</span> <span class='ocrx_word' id='word_1_25' title='bbox 389 579 549 648; x_wconf 86' lang='lat' dir='ltr'>vidi.</span> <span class='ocrx_word' id='word_1_26' title='bbox 639 614 643 618; x_wconf 94' lang='lat'>·</span> 
     </span>
    </p>

    <p class='ocr_par' dir='ltr' id='par_1_5' title="bbox 128 668 1856 1140">
     <span class='ocr_line' id='line_1_6' title="bbox 128 668 1777 766; baseline 0.004 -24"><span class='ocrx_word' id='word_1_27' title='bbox 128 671 232 758; x_wconf 83' lang='lat'>30</span> <span class='ocrx_word' id='word_1_28' title='bbox 264 729 278 742; x_wconf 95' lang='lat'>.</span> <span class='ocrx_word' id='word_1_29' title='bbox 325 672 746 764; x_wconf 85' lang='lat' dir='ltr'>Polyporum</span> <span class='ocrx_word' id='word_1_30' title='bbox 787 671 1028 766; x_wconf 80' lang='lat' dir='ltr'>figura,</span> <span class='ocrx_word' id='word_1_31' title='bbox 1110 671 1270 744; x_wconf 86' lang='lat' dir='ltr'>dum</span> <span class='ocrx_word' id='word_1_32' title='bbox 1315 668 1445 745; x_wconf 83' lang='lat' dir='ltr'>sese</span> <span class='ocrx_word' id='word_1_33' title='bbox 1496 702 1777 748; x_wconf 84' lang='lat' dir='ltr'>mouere</span> 
     </span>
     <span class='ocr_line' id='line_1_7' title="bbox 212 762 1856 864; baseline 0.005 -31"><span class='ocrx_word' id='word_1_34' title='bbox 212 762 585 855; x_wconf 82' lang='lat' dir='ltr'>incipiunt,</span> <span class='ocrx_word' id='word_1_35' title='bbox 613 767 702 835; x_wconf 86' lang='lat' dir='ltr'>est</span> <span class='ocrx_word' id='word_1_36' title='bbox 734 768 1020 836; x_wconf 86' lang='lat' dir='ltr'>rotunda</span> <span class='ocrx_word' id='word_1_37' title='bbox 1048 765 1377 860; x_wconf 78' lang='lat' dir='ltr'>sphaerica</span> <span class='ocrx_word' id='word_1_38' title='bbox 1396 825 1414 857; x_wconf 88' lang='lat'>‚</span> <span class='ocrx_word' id='word_1_39' title='bbox 1440 794 1608 864; x_wconf 84' lang='lat' dir='ltr'>quae</span> <span class='ocrx_word' id='word_1_40' title='bbox 1636 769 1776 842; x_wconf 84' lang='lat' dir='ltr'>sen·</span> <span class='ocrx_word' id='word_1_41' title='bbox 1854 820 1856 827; x_wconf 81' lang='lat'><em>·</em></span> 
     </span>
     <span class='ocr_line' id='line_1_8' title="bbox 215 857 1776 955; baseline 0.004 -27"><span class='ocrx_word' id='word_1_42' title='bbox 215 857 329 928; x_wconf 68' lang='lat' dir='ltr'>fini</span> <span class='ocrx_word' id='word_1_43' title='bbox 364 862 434 926; x_wconf 88' lang='lat' dir='ltr'>in</span> <span class='ocrx_word' id='word_1_44' title='bbox 462 859 769 928; x_wconf 86' lang='lat' dir='ltr'>conicam</span> <span class='ocrx_word' id='word_1_45' title='bbox 797 860 964 943; x_wconf 86' lang='lat' dir='ltr'>abit,</span> <span class='ocrx_word' id='word_1_46' title='bbox 1015 863 1174 930; x_wconf 87' lang='lat' dir='ltr'>dum</span> <span class='ocrx_word' id='word_1_47' title='bbox 1216 860 1636 955; x_wconf 80' lang='lat' dir='ltr'>pedunculus</span> <span class='ocrx_word' id='word_1_48' title='bbox 1664 889 1776 933; x_wconf 77' lang='lat' dir='ltr'>ex-</span> 
     </span>
     <span class='ocr_line' id='line_1_9' title="bbox 212 951 1779 1049; baseline 0.005 -29"><span class='ocrx_word' id='word_1_49' title='bbox 212 951 540 1033; x_wconf 82' lang='lat' dir='ltr'>tenditur,</span> <span class='ocrx_word' id='word_1_50' title='bbox 569 972 638 1022; x_wconf 86' lang='lat' dir='ltr'>et</span> <span class='ocrx_word' id='word_1_51' title='bbox 670 952 1136 1047; x_wconf 85' lang='lat' dir='ltr'>corpusculum</span> <span class='ocrx_word' id='word_1_52' title='bbox 1168 957 1601 1049; x_wconf 81' lang='lat' dir='ltr'>expanditur,</span> <span class='ocrx_word' id='word_1_53' title='bbox 1638 960 1779 1027; x_wconf 88' lang='lat' dir='ltr'>hoc</span> 
     </span>
     <span class='ocr_line' id='line_1_10' title="bbox 209 1044 1728 1140; baseline 0.007 -28"><span class='ocrx_word' id='word_1_54' title='bbox 209 1045 281 1115; x_wconf 89' lang='lat' dir='ltr'>in</span> <span class='ocrx_word' id='word_1_55' title='bbox 308 1044 430 1116; x_wconf 85' lang='lat' dir='ltr'>fitu</span> <span class='ocrx_word' id='word_1_56' title='bbox 463 1047 726 1139; x_wconf 80' lang='lat' dir='ltr'>optime</span> <span class='ocrx_word' id='word_1_57' title='bbox 755 1045 1057 1117; x_wconf 88' lang='lat' dir='ltr'>osculum</span> <span class='ocrx_word' id='word_1_58' title='bbox 1099 1049 1328 1118; x_wconf 77' lang='lat' dir='ltr'>videre</span> <span class='ocrx_word' id='word_1_59' title='bbox 1370 1049 1728 1140; x_wconf 67' lang='lat' dir='ltr'>possumus,</span> 
     </span>
    </p>

    <p class='ocr_par' dir='ltr' id='par_1_6' title="bbox 114 1138 1858 1969">
     <span class='ocr_line' id='line_1_11' title="bbox 114 1138 1837 1234; baseline 0.002 -25"><span class='ocrx_word' id='word_1_60' title='bbox 114 1138 271 1230; x_wconf 78' lang='lat'>40.</span> <span class='ocrx_word' id='word_1_61' title='bbox 322 1138 1064 1234; x_wconf 53' lang='lat' dir='ltr'>Plurimi&#39;polyporum</span> <span class='ocrx_word' id='word_1_62' title='bbox 1118 1142 1482 1234; x_wconf 87' lang='lat' dir='ltr'>pedunculi</span> <span class='ocrx_word' id='word_1_63' title='bbox 1535 1145 1778 1214; x_wconf 60' lang='lat' dir='ltr'>reclili·</span> <span class='ocrx_word' id='word_1_64' title='bbox 1832 1188 1837 1198; x_wconf 77' lang='lat'>›</span> 
     </span>
     <span class='ocr_line' id='line_1_12' title="bbox 209 1234 1776 1325; baseline 0.003 -21"><span class='ocrx_word' id='word_1_65' title='bbox 209 1234 354 1316; x_wconf 86' lang='lat' dir='ltr'>nei,</span> <span class='ocrx_word' id='word_1_66' title='bbox 402 1234 667 1325; x_wconf 85' lang='lat' dir='ltr'>quidam</span> <span class='ocrx_word' id='word_1_67' title='bbox 701 1234 964 1302; x_wconf 82' lang='lat' dir='ltr'>incurui</span> <span class='ocrx_word' id='word_1_68' title='bbox 1005 1235 1085 1304; x_wconf 77' lang='lat' dir='ltr'>ad</span> <span class='ocrx_word' id='word_1_69' title='bbox 1118 1238 1397 1305; x_wconf 83' lang='lat' dir='ltr'>modum</span> <span class='ocrx_word' id='word_1_70' title='bbox 1440 1237 1643 1307; x_wconf 86' lang='lat' dir='ltr'>culmi</span> <span class='ocrx_word' id='word_1_71' title='bbox 1682 1236 1776 1308; x_wconf 74' lang='lat' dir='ltr'>se-</span> 
     </span>
     <span class='ocr_line' id='line_1_13' title="bbox 203 1327 1776 1421; baseline 0.002 -25"><span class='ocrx_word' id='word_1_72' title='bbox 203 1328 398 1396; x_wconf 86' lang='lat' dir='ltr'>calini</span> <span class='ocrx_word' id='word_1_73' title='bbox 416 1382 434 1407; x_wconf 82' lang='grc'><em>,</em></span> <span class='ocrx_word' id='word_1_74' title='bbox 452 1327 894 1418; x_wconf 84' lang='lat' dir='ltr'>procellarum</span> <span class='ocrx_word' id='word_1_75' title='bbox 910 1330 975 1395; x_wconf 90' lang='lat' dir='ltr'>vi</span> <span class='ocrx_word' id='word_1_76' title='bbox 1004 1329 1534 1421; x_wconf 66' lang='lat' dir='ltr'>procumbentis.</span> <span class='ocrx_word' id='word_1_77' title='bbox 1558 1331 1776 1400; x_wconf 83' lang='lat' dir='ltr'>Maxi-</span> 
     </span>
     <span class='ocr_line' id='line_1_14' title="bbox 199 1421 1774 1513; baseline 0.004 -24"><span class='ocrx_word' id='word_1_78' title='bbox 199 1444 312 1489; x_wconf 87' lang='lat' dir='ltr'>ma</span> <span class='ocrx_word' id='word_1_79' title='bbox 336 1421 604 1490; x_wconf 87' lang='lat' dir='ltr'>illorum</span> <span class='ocrx_word' id='word_1_80' title='bbox 658 1443 804 1512; x_wconf 80' lang='lat' dir='ltr'>pars</span> <span class='ocrx_word' id='word_1_81' title='bbox 841 1444 876 1488; x_wconf 86' lang='lat' dir='ltr'>a</span> <span class='ocrx_word' id='word_1_82' title='bbox 916 1445 1147 1491; x_wconf 81' lang='lat' dir='ltr'>verme</span> <span class='ocrx_word' id='word_1_83' title='bbox 1183 1424 1462 1513; x_wconf 78' lang='lat' dir='ltr'>tegitur:</span> <span class='ocrx_word' id='word_1_84' title='bbox 1513 1425 1774 1495; x_wconf 78' lang='lat' dir='ltr'>clateris</span> 
     </span>
     <span class='ocr_line' id='line_1_15' title="bbox 199 1511 1772 1606; baseline 0.004 -26"><span class='ocrx_word' id='word_1_85' title='bbox 199 1513 565 1584; x_wconf 81' lang='lat' dir='ltr'>velocitate</span> <span class='ocrx_word' id='word_1_86' title='bbox 599 1515 894 1606; x_wconf 83' lang='lat' dir='ltr'>polypus</span> <span class='ocrx_word' id='word_1_87' title='bbox 930 1511 1057 1582; x_wconf 83' lang='lat' dir='ltr'><strong>sese</strong></span> <span class='ocrx_word' id='word_1_88' title='bbox 1104 1539 1390 1585; x_wconf 85' lang='lat' dir='ltr'>mouens</span> <span class='ocrx_word' id='word_1_89' title='bbox 1427 1517 1772 1587; x_wconf 85' lang='lat' dir='ltr'>habitacu-</span> 
     </span>
     <span class='ocr_line' id='line_1_16' title="bbox 196 1605 1858 1701; baseline 0.004 -26"><span class='ocrx_word' id='word_1_90' title='bbox 196 1605 258 1675; x_wconf 89' lang='lat' dir='ltr'>la</span> <span class='ocrx_word' id='word_1_91' title='bbox 287 1608 655 1699; x_wconf 79' lang='lat' dir='ltr'>egreditur,</span> <span class='ocrx_word' id='word_1_92' title='bbox 704 1607 1259 1701; x_wconf 82' lang='lat' dir='ltr'>pedunculusque</span> <span class='ocrx_word' id='word_1_93' title='bbox 1302 1607 1601 1700; x_wconf 82' lang='lat' dir='ltr'>spiralem</span> <span class='ocrx_word' id='word_1_94' title='bbox 1635 1610 1772 1681; x_wconf 70' lang='lat' dir='ltr'>for«</span> <span class='ocrx_word' id='word_1_95' title='bbox 1850 1647 1858 1665; x_wconf 61' lang='grc' dir='ltr'><em>ν</em></span> 
     </span>
     <span class='ocr_line' id='line_1_17' title="bbox 200 1701 1774 1795; baseline 0.004 -26"><span class='ocrx_word' id='word_1_96' title='bbox 200 1701 844 1795; x_wconf 83' lang='lat' dir='ltr'>matlineam‚vsque</span> <span class='ocrx_word' id='word_1_97' title='bbox 871 1701 1613 1794; x_wconf 52' lang='lat' dir='ltr'>adipsunrextenfionis</span> <span class='ocrx_word' id='word_1_98' title='bbox 1640 1725 1774 1775; x_wconf 83' lang='lat' dir='ltr'>ter-</span> 
     </span>
     <span class='ocr_line' id='line_1_18' title="bbox 201 1794 1772 1880; baseline 0.005 -18"><span class='ocrx_word' id='word_1_99' title='bbox 201 1794 502 1880; x_wconf 88' lang='lat' dir='ltr'>minum,</span> <span class='ocrx_word' id='word_1_100' title='bbox 571 1795 813 1864; x_wconf 78' lang='lat' dir='ltr'>eodem</span> <span class='ocrx_word' id='word_1_101' title='bbox 857 1819 1010 1864; x_wconf 86' lang='lat' dir='ltr'>cum</span> <span class='ocrx_word' id='word_1_102' title='bbox 1052 1795 1514 1866; x_wconf 77' lang='lat' dir='ltr'>mechanismo</span> <span class='ocrx_word' id='word_1_103' title='bbox 1554 1798 1772 1870; x_wconf 83' lang='lat' dir='ltr'>rursus</span> 
     </span>
     <span class='ocr_line' id='line_1_19' title="bbox 203 1884 1630 1969; baseline 0.005 -13"><span class='ocrx_word' id='word_1_104' title='bbox 203 1884 267 1956; x_wconf 85' lang='lat' dir='ltr'>se</span> <span class='ocrx_word' id='word_1_105' title='bbox 296 1890 670 1969; x_wconf 81' lang='lat' dir='ltr'>contrahit,</span> <span class='ocrx_word' id='word_1_106' title='bbox 720 1908 788 1958; x_wconf 86' lang='lat' dir='ltr'>et</span> <span class='ocrx_word' id='word_1_107' title='bbox 812 1886 926 1957; x_wconf 89' lang='lat' dir='ltr'>sub</span> <span class='ocrx_word' id='word_1_108' title='bbox 955 1912 1179 1959; x_wconf 84' lang='lat' dir='ltr'>verme</span> <span class='ocrx_word' id='word_1_109' title='bbox 1219 1892 1630 1964; x_wconf 83' lang='lat' dir='ltr'>reconditur.</span> 
     </span>
    </p>

    <p class='ocr_par' dir='ltr' id='par_1_7' title="bbox 108 1980 1771 2264">
     <span class='ocr_line' id='line_1_20' title="bbox 108 1980 1771 2078; baseline 0.004 -26"><span class='ocrx_word' id='word_1_110' title='bbox 108 1980 221 2064; x_wconf 75' lang='lat'>50</span> <span class='ocrx_word' id='word_1_111' title='bbox 248 2038 263 2052; x_wconf 92' lang='lat'><strong>.</strong></span> <span class='ocrx_word' id='word_1_112' title='bbox 304 1983 496 2053; x_wconf 85' lang='lat' dir='ltr'>Varii</span> <span class='ocrx_word' id='word_1_113' title='bbox 524 1983 688 2054; x_wconf 86' lang='lat' dir='ltr'>nudi</span> <span class='ocrx_word' id='word_1_114' title='bbox 713 1983 1078 2074; x_wconf 71' lang='lat' dir='ltr'>pedunculi</span> <span class='ocrx_word' id='word_1_115' title='bbox 1117 1982 1383 2065; x_wconf 85' lang='lat' dir='ltr'>adsunt,</span> <span class='ocrx_word' id='word_1_116' title='bbox 1432 1985 1502 2054; x_wconf 89' lang='lat' dir='ltr'>in</span> <span class='ocrx_word' id='word_1_117' title='bbox 1527 1986 1771 2078; x_wconf 82' lang='lat' dir='ltr'>quibus</span> 
     </span>
     <span class='ocr_line' id='line_1_21' title="bbox 196 2076 1769 2170; baseline 0.001 -22"><span class='ocrx_word' id='word_1_118' title='bbox 196 2100 327 2148; x_wconf 87' lang='lat' dir='ltr'>nec</span> <span class='ocrx_word' id='word_1_119' title='bbox 338 2077 639 2147; x_wconf 83' lang='lat' dir='ltr'>mucoris</span> <span class='ocrx_word' id='word_1_120' title='bbox 660 2076 965 2170; x_wconf 87' lang='lat' dir='ltr'>capitula,</span> <span class='ocrx_word' id='word_1_121' title='bbox 988 2100 1114 2146; x_wconf 79' lang='lat' dir='ltr'>nec</span> <span class='ocrx_word' id='word_1_122' title='bbox 1144 2077 1559 2169; x_wconf 78' lang='lat' dir='ltr'>polyporum</span> <span class='ocrx_word' id='word_1_123' title='bbox 1580 2101 1769 2150; x_wconf 84' lang='lat' dir='ltr'>trun-</span> 
     </span>
     <span class='ocr_line' id='line_1_22' title="bbox 195 2169 1769 2264; baseline 0.002 -23"><span class='ocrx_word' id='word_1_124' title='bbox 195 2172 261 2241; x_wconf 88' lang='lat' dir='ltr'>ci</span> <span class='ocrx_word' id='word_1_125' title='bbox 289 2171 918 2264; x_wconf 74' lang='lat' dir='ltr'>deprehenduntur‚</span> <span class='ocrx_word' id='word_1_126' title='bbox 946 2169 1336 2241; x_wconf 80' lang='lat' dir='ltr'>difficillime</span> <span class='ocrx_word' id='word_1_127' title='bbox 1365 2195 1400 2239; x_wconf 88' lang='lat' dir='ltr'>a</span> <span class='ocrx_word' id='word_1_128' title='bbox 1427 2187 1633 2242; x_wconf 87' lang='lat' dir='ltr'>muco</span> <span class='ocrx_word' id='word_1_129' title='bbox 1666 2194 1769 2244; x_wconf 84' lang='lat' dir='ltr'>te-</span> 
     </span>
    </p>

    <p class='ocr_par' dir='ltr' id='par_1_8' title="bbox 130 2264 1765 2452">
     <span class='ocr_line' id='line_1_23' title="bbox 130 2264 1765 2362; baseline 0.003 -28"><span class='ocrx_word' id='word_1_130' title='bbox 130 2264 131 2267; x_wconf 66' lang='grc'>’</span> <span class='ocrx_word' id='word_1_131' title='bbox 191 2266 491 2336; x_wconf 82' lang='lat' dir='ltr'>nerrimo</span> <span class='ocrx_word' id='word_1_132' title='bbox 547 2264 1068 2355; x_wconf 68' lang='lat' dir='ltr'>distinguuntur,</span> <span class='ocrx_word' id='word_1_133' title='bbox 1157 2264 1447 2335; x_wconf 87' lang='lat' dir='ltr'>multum</span> <span class='ocrx_word' id='word_1_134' title='bbox 1501 2267 1765 2362; x_wconf 75' lang='lat' dir='ltr'>analogi</span> 
     </span>
     <span class='ocr_line' id='line_1_24' title="bbox 190 2355 1250 2452; baseline 0.002 -25"><span class='ocrx_word' id='word_1_135' title='bbox 190 2355 344 2428; x_wconf 86' lang='lat' dir='ltr'>sunt</span> <span class='ocrx_word' id='word_1_136' title='bbox 386 2358 797 2451; x_wconf 84' lang='lat' dir='ltr'>polyporum</span> <span class='ocrx_word' id='word_1_137' title='bbox 835 2358 1250 2452; x_wconf 80' lang='lat' dir='ltr'>pedunculis,</span> 
     </span>
    </p>

    <p class='ocr_par' dir='ltr' id='par_1_9' title="bbox 96 2451 1766 2713">
     <span class='ocr_line' id='line_1_25' title="bbox 96 2451 1766 2546; baseline 0.003 -25"><span class='ocrx_word' id='word_1_138' title='bbox 96 2454 142 2521; x_wconf 88' lang='lat'><strong>6</strong></span> <span class='ocrx_word' id='word_1_139' title='bbox 169 2451 209 2494; x_wconf 87' lang='lat'><em>0</em></span> <span class='ocrx_word' id='word_1_140' title='bbox 242 2510 256 2523; x_wconf 86' lang='lat'><strong>.</strong></span> <span class='ocrx_word' id='word_1_141' title='bbox 307 2451 614 2545; x_wconf 64' lang='lat' dir='ltr'>Seposito</span> <span class='ocrx_word' id='word_1_142' title='bbox 644 2473 871 2521; x_wconf 83' lang='lat' dir='ltr'>verme</span> <span class='ocrx_word' id='word_1_143' title='bbox 901 2475 1135 2546; x_wconf 83' lang='lat' dir='ltr'>aquam</span> <span class='ocrx_word' id='word_1_144' title='bbox 1178 2451 1287 2522; x_wconf 89' lang='lat' dir='ltr'>cui</span> <span class='ocrx_word' id='word_1_145' title='bbox 1308 2452 1669 2538; x_wconf 78' lang='lat' dir='ltr'>‚innatabat</span> <span class='ocrx_word' id='word_1_146' title='bbox 1696 2480 1766 2527; x_wconf 85' lang='lat' dir='ltr'>e·</span> 
     </span>
     <span class='ocr_line' id='line_1_26' title="bbox 185 2545 1763 2639; baseline 0.003 -22"><span class='ocrx_word' id='word_1_147' title='bbox 185 2546 555 2629; x_wconf 86' lang='lat' dir='ltr'>xaminaui‚</span> <span class='ocrx_word' id='word_1_148' title='bbox 604 2545 1039 2639; x_wconf 83' lang='lat' dir='ltr'>copiofiffima</span> <span class='ocrx_word' id='word_1_149' title='bbox 1067 2551 1137 2616; x_wconf 90' lang='lat' dir='ltr'>in</span> <span class='ocrx_word' id='word_1_150' title='bbox 1177 2547 1286 2615; x_wconf 87' lang='lat' dir='ltr'>illa</span> <span class='ocrx_word' id='word_1_151' title='bbox 1319 2547 1587 2618; x_wconf 85' lang='lat' dir='ltr'>fluitant</span> <span class='ocrx_word' id='word_1_152' title='bbox 1623 2552 1763 2621; x_wconf 87' lang='lat' dir='ltr'>ani-</span> 
     </span>
     <span class='ocr_line' id='line_1_27' title="bbox 192 2637 1307 2713; baseline 0.003 -3"><span class='ocrx_word' id='word_1_153' title='bbox 192 2640 477 2710; x_wconf 86' lang='lat' dir='ltr'>malcula</span> <span class='ocrx_word' id='word_1_154' title='bbox 502 2637 813 2710; x_wconf 86' lang='lat' dir='ltr'>infusoria</span> <span class='ocrx_word' id='word_1_155' title='bbox 842 2641 1055 2710; x_wconf 81' lang='lat' dir='ltr'>variae</span> <span class='ocrx_word' id='word_1_156' title='bbox 1091 2641 1307 2713; x_wconf 79' lang='lat' dir='ltr'>molis,</span> 
     </span>
    </p>

    <p class='ocr_par' dir='ltr' id='par_1_10' title="bbox 101 2734 1860 3209">
     <span class='ocr_line' id='line_1_28' title="bbox 101 2734 1762 2824; baseline 0.001 -16"><span class='ocrx_word' id='word_1_157' title='bbox 101 2758 136 2824; x_wconf 93' lang='lat'>7</span> <span class='ocrx_word' id='word_1_158' title='bbox 167 2734 208 2778; x_wconf 87' lang='lat'><em>0</em></span> <span class='ocrx_word' id='word_1_159' title='bbox 238 2791 255 2808; x_wconf 90' lang='lat'><strong>.</strong></span> <span class='ocrx_word' id='word_1_160' title='bbox 312 2735 473 2805; x_wconf 86' lang='lat' dir='ltr'>Vidi</span> <span class='ocrx_word' id='word_1_161' title='bbox 513 2736 651 2803; x_wconf 89' lang='lat' dir='ltr'>duo</span> <span class='ocrx_word' id='word_1_162' title='bbox 706 2735 955 2805; x_wconf 84' lang='lat' dir='ltr'>maiora</span> <span class='ocrx_word' id='word_1_163' title='bbox 992 2736 1281 2806; x_wconf 84' lang='lat' dir='ltr'>rotunda</span> <span class='ocrx_word' id='word_1_164' title='bbox 1334 2737 1762 2820; x_wconf 69' lang='lat' dir='ltr'>cohaerentia</span> 
     </span>
     <span class='ocr_line' id='line_1_29' title="bbox 198 2824 1820 2922; baseline 0.003 -24"><span class='ocrx_word' id='word_1_165' title='bbox 198 2853 364 2900; x_wconf 84' lang='lat' dir='ltr'>mox</span> <span class='ocrx_word' id='word_1_166' title='bbox 402 2828 616 2899; x_wconf 84' lang='lat' dir='ltr'>rursus</span> <span class='ocrx_word' id='word_1_167' title='bbox 654 2824 973 2922; x_wconf 84' lang='lat' dir='ltr'>separata,</span> <span class='ocrx_word' id='word_1_168' title='bbox 1019 2855 1184 2901; x_wconf 82' lang='lat' dir='ltr'>mox</span> <span class='ocrx_word' id='word_1_169' title='bbox 1231 2830 1459 2903; x_wconf 86' lang='lat' dir='ltr'>denuo</span> <span class='ocrx_word' id='word_1_170' title='bbox 1503 2834 1762 2914; x_wconf 55' lang='lat' dir='ltr'>iuncta,</span> <span class='ocrx_word' id='word_1_171' title='bbox 1815 2859 1820 2862; x_wconf 88' lang='lat'>·</span> 
     </span>
     <span class='ocr_line' id='line_1_30' title="bbox 182 2921 1757 3016; baseline 0.005 -25"><span class='ocrx_word' id='word_1_172' title='bbox 182 2923 338 2993; x_wconf 86' lang='lat' dir='ltr'>etin</span> <span class='ocrx_word' id='word_1_173' title='bbox 365 2921 780 2994; x_wconf 84' lang='lat' dir='ltr'>vorticosum</span> <span class='ocrx_word' id='word_1_174' title='bbox 797 2946 1063 2996; x_wconf 86' lang='lat' dir='ltr'>motum</span> <span class='ocrx_word' id='word_1_175' title='bbox 1080 2926 1321 3016; x_wconf 82' lang='lat' dir='ltr'>agitata</span> <span class='ocrx_word' id='word_1_176' title='bbox 1342 2927 1757 2999; x_wconf 85' lang='lat' dir='ltr'>animalcula.</span> 
     </span>
     <span class='ocr_line' id='line_1_31' title="bbox 190 3016 1758 3117; baseline 0.004 -32"><span class='ocrx_word' id='word_1_177' title='bbox 190 3016 357 3087; x_wconf 91' lang='lat' dir='ltr'>Hoc</span> <span class='ocrx_word' id='word_1_178' title='bbox 380 3017 450 3087; x_wconf 90' lang='lat' dir='ltr'>in</span> <span class='ocrx_word' id='word_1_179' title='bbox 475 3016 640 3088; x_wconf 81' lang='lat' dir='ltr'>statu</span> <span class='ocrx_word' id='word_1_180' title='bbox 671 3019 787 3088; x_wconf 86' lang='lat' dir='ltr'>diu</span> <span class='ocrx_word' id='word_1_181' title='bbox 828 3016 1236 3108; x_wconf 82' lang='lat' dir='ltr'>manserunt,</span> <span class='ocrx_word' id='word_1_182' title='bbox 1284 3043 1360 3096; x_wconf 91' lang='lat' dir='ltr'>vt</span> <span class='ocrx_word' id='word_1_183' title='bbox 1386 3021 1494 3094; x_wconf 88' lang='lat' dir='ltr'>illa</span> <span class='ocrx_word' id='word_1_184' title='bbox 1529 3020 1758 3117; x_wconf 82' lang='lat' dir='ltr'>prose-</span> 
     </span>
     <span class='ocr_line' id='line_1_32' title="bbox 185 3111 1860 3209; baseline 0.007 -29"><span class='ocrx_word' id='word_1_185' title='bbox 185 3111 304 3203; x_wconf 88' lang='lat' dir='ltr'>qui</span> <span class='ocrx_word' id='word_1_186' title='bbox 327 3112 611 3209; x_wconf 23' lang='lat' dir='ltr'>‚vlterius</span> <span class='ocrx_word' id='word_1_187' title='bbox 656 3136 797 3186; x_wconf 90' lang='lat' dir='ltr'>non</span> <span class='ocrx_word' id='word_1_188' title='bbox 837 3114 1199 3208; x_wconf 82' lang='lat' dir='ltr'>potuerim.</span> <span class='ocrx_word' id='word_1_189' title='bbox 1301 3123 1305 3126; x_wconf 80' lang='grc'><strong>’</strong></span> <span class='ocrx_word' id='word_1_190' title='bbox 1366 3120 1370 3125; x_wconf 84' lang='grc'><strong>’</strong></span> <span class='ocrx_word' id='word_1_191' title='bbox 1735 3152 1742 3155; x_wconf 35' lang='lat'>·*</span> <span class='ocrx_word' id='word_1_192' title='bbox 1799 3170 1802 3171; x_wconf 28' lang='lat' dir='ltr'><strong><em>f</em></strong></span> <span class='ocrx_word' id='word_1_193' title='bbox 1855 3138 1860 3143; x_wconf 83' lang='grc'><em>’</em></span> 
     </span>
    </p>

    <p class='ocr_par' dir='ltr' id='par_1_11' title="bbox 1596 3224 1749 3290">
     <span class='ocr_line' id='line_1_33' title="bbox 1596 3224 1749 3290; baseline 0 0"><span class='ocrx_word' id='word_1_194' title='bbox 1596 3224 1634 3290; x_wconf 88' lang='lat'>8</span> <span class='ocrx_word' id='word_1_195' title='bbox 1687 3230 1749 3280; x_wconf 84' lang='lat'>0·</span> 
     </span>
    </p>
   </div>
  </div>
 </body>
</html>
