2111 3567
228 118 505 170 ,secr
555 117 602 166 1.
700 87 1543 165 PARTES'ANIMALES.
1675 121 1746 166 11

195 299 373 348 mam
416 294 484 346 et
524 275 797 343 breuem
858 270 1187 362 quandam
1232 269 1533 339 barbam.
1617 271 1759 342 Sub

197 368 578 466 composito
619 389 781 436 vero
827 363 1418 434 animaduertimus
1457 364 1527 432 in
1568 367 1761 434 omni

133 3227 138 3237 ¹
184 3218 236 3248 m'l

1517 482 1762 530 Vernus

245 620 298 666 in
333 614 488 666 canali
516 610 710 682 spirali,
743 624 790 664 et
816 610 991 664 canalis
1020 610 1211 680 spirali's
1242 610 1347 663 fere
1384 613 1584 664 eandem
1611 612 1764 662 crassi-

243 690 360 739 tiem
399 690 541 737 habet
576 704 630 734 ac
658 685 1025 754 receptaculum.

320 777 373 808 io
395 759 426 790 0
447 796 461 811 .
516 763 568 807 In
596 757 758 807 ouulis
789 757 1098 820 distinguitur
1124 773 1321 818 cauum,
1357 757 1612 807 substantia
1641 771 1764 803 eras-

244 831 327 894 (ἃ,
366 831 570 880 obscura
604 828 829 897 plenum,
884 842 929 877 et
962 830 1170 877 ambitus
1200 829 1463 896 pellucens.
1554 826 1763 886 Quando

247 901 393 953 o‘uula
424 902 744 962 exsiccantur,
782 901 1035 950 substantia
1070 899 1315 969 pellucens
1344 904 1507 970 perit,
1547 915 1592 949 et
1613 897 1765 948 moles

246 977 387 1024 vnicc.
421 973 604 1023 residua
624 987 784 1023 manet
813 990 976 1042 opaca.

319 1063 363 1095 ιι
389 1045 419 1076 0
443 1083 453 1094 .
521 1045 775 1095 Manifcste
801 1044 949 1107 ouula
968 1044 1348 1093 inueniebantur
1377 1046 1427 1093 in
1451 1057 1668 1092 extremo
1690 1057 1765 1089 ca-

246 1117 372 1168 nalis
398 1120 759 1180 generationh,
810 1120 893 1184 qui
941 1120 1235 1166 terminatur
1262 1119 1312 1164 in
1341 1129 1617 1184 aperturam
1654 1112 1766 1161 late-

248 1188 401 1240 ralem
428 1188 727 1251 numinibus,
762 1193 880 1257 quin
903 1207 959 1237 ex
995 1187 1100 1256 ipso
1126 1190 1323 1238 orificio
1349 1188 1496 1237 ouula
1527 1188 1766 1254 exprime·

251 1280 304 1311 re
338 1264 600 1329 potuimus.
687 1265 856 1311 Parum
884 1260 1046 1311 versus
1084 1259 1217 1309 illam
1264 1274 1543 1327 aperturam
1577 1260 1656 1306 hie
1693 1273 1770 1305 ca-

248 1332 372 1382 ualis
409 1334 746 1395 contrahitur,
798 1346 844 1382 et
873 1332 1121 1395 eleganter
1150 1335 1211 1381 ab
1239 1332 1336 1399 ipsa
1363 1334 1539 1380 vermis
1562 1329 1767 1379 substan·

248 1408 314 1454 tia
353 1404 691 1469 distinguitur,
728 1408 829 1454 imo
858 1404 981 1454 fa&a
1016 1408 1066 1452 in
1096 1423 1263 1454 verme
1293 1404 1558 1465 incisione,
1612 1402 1780 1469 expri·

248 1482 431 1542 mitur,
469 1479 553 1528 vbi
589 1479 734 1533 ‚etiam
767 1476 1022 1525 substantia
1059 1475 1236 1524 canalis
1268 1476 1378 1524 satis
1415 1476 1593 1536 cratia,
1629 1486 1674 1521 et
1699 1490 1772 1522 ca-

252 1548 404 1610 nalis,
440 1563 485 1598 et
522 1566 691 1598 canum
722 1547 959 1597 inclusum
992 1549 1209 1596 distind'ce
1241 1558 1493 1614 apparent.

330 1639 378 1669 12
403 1620 431 1650 0
456 1657 465 1667 .
486 1621 812 1669 Tricburides
838 1624 1068 1669 incuruae
1085 1618 1340 1687 pei-scissae
1357 1618 1482 1668 nibil
1504 1616 1772 1667 ouulorum

249 1695 573 1753 exhibebant,
611 1696 752 1741 vniee
784 1691 928 1742 mass'a
964 1692 1200 1758 quaedam
1229 1702 1373 1740 tenax
1405 1689 1597 1739 mucosa
1629 1692 1775 1739 mini-

247 1785 328 1813 mo
361 1766 510 1826 gradu
541 1764 830 1816 vesicularis.
896 1769 971 1812 An
1010 1767 1173 1832 itaque
1212 1779 1369 1822 mares
1406 1764 1524 1824 sint,
1585 1773 1630 1812 et
1659 1779 1778 1829 pro-

249 1836 445 1886 boscide
481 1837 617 1904 penis
652 1838 799 1896 instar
832 1839 1061 1894 Vtamur?
1129 1854 1244 1884 num
1287 1838 1337 1884 in
1367 1838 1510 1885 reffls
1544 1846 1773 1902 apertura

248 1911 492 1977 posterior
529 1906 679 1966 vulua
715 1909 799 1967 fit?
854 1925 967 1956 num
990 1909 1042 1956 in
1071 1909 1146 1956 his
1176 1906 1290 1956 ideo
1326 1906 1436 1956 loco
1472 1904 1774 1975 proboscidis

250 1983 476 2050 exiguum
497 1978 742 2047 quoddam
762 1977 1069 2031 tuberculum
1092 1977 1151 2027 ad
1179 1991 1321 2047 caput
1346 1981 1658 2047 promineat²

323 2052 421 2111 13‘?
446 2089 457 2100 .
518 2050 715 2105 ‘Canalis
748 2049 1078 2110 alimentaria,
1141 2049 1265 2100 alter
1300 2049 1387 2101 ille
1422 2049 1589 2101 ducius
1640 2051 1774 2100 cuius

247 2128 549 2183 mentionem
581 2123 812 2186 fecimus,
826 2122 1022 2192 spiralis
1047 2142 1148 2172 non
1175 2125 1258 2185 est,
1308 2123 1387 2172 sed
1416 2122 1635 2191 respe&u
1667 2140 1775 2171 ver-

248 2201 358 2257 mis,
394 2199 579 2258 reikam,
641 2196 855 2263 sequitur
879 2214 1052 2264 nempe
1073 2209 1260 2264 partem
1282 2212 1539 2245 concauam
1565 2198 1742 2244 vermis
1758 2233 1773 2255 ,

250 2272 300 2318 in
335 2268 497 2317 medio
519 2268 837 2329 craffissiuius,
879 2267 1144 2330 distimstns,
1166 2280 1212 2316 et
1237 2267 1380 2317 mass'a
1416 2270 1556 2332 nigra
1586 2266 1773 2335 plerum.

257 2341 522 2402 §ertillinie
551 2358 608 2388 ex
641 2338 930 2408 proboscide
951 2342 1278 2389 continuatur.
1327 2339 1465 2390 Infra
1496 2352 1776 2407 aperturam

255 2412 434 2462 canalis
463 2413 792 2476 generationis
819 2410 987 2460 definit
1019 2415 1069 2460 in
1105 2410 1289 2461 saccum
1323 2429 1547 2473 coecum,
1586 2413 1638 2460 in
1668 2413 1778 2479 qui,

254 2485 455 2534 busdam
488 2483 675 2544 sedibus
714 2483 819 2551 ipso
846 2483 1001 2533 canali
1043 2482 1287 2533 tantillum
1335 2483 1643 2552 ampliorem.
1717 2488 1774 2533 ln

255 2555 543 2625 quibusdem
559 2555 898 2624 speciminibus
927 2559 1028 2606 imo
1057 2558 1109 2605 in
1135 2554 1377 2624 plurimiS,
1404 2555 1508 2607 vidi
1534 2554 1591 2604 ad
1615 2554 1773 2622 ipsum

255 2627 397 2678 illum
427 2630 572 2683 finem
604 2628 870 2686 notabilem
901 2627 1138 2682 maculam
1173 2630 1361 2693 nigram
1381 2665 1395 2692 ‚
1446 2641 1493 2677 et
1519 2631 1571 2678 in
1592 2630 1774 2677 vicinia

254 2701 434 2751 lineam
471 2701 790 2750 transuersam
831 2701 1045 2751 eiusdem
1082 2699 1294 2762 coloris,
1350 2702 1527 2768 quibus
1567 2702 1618 2749 in
1653 2702 1791 2750 non-s

255 2773 403 2823 nullis
422 2773 710 2824 accedebant
730 2772 880 2823 adhuc
912 2772 1191 2843 corpuscula
1210 2773 1444 2841 quaedam
1467 2776 1770 2837 nigricantia

255 2852 330 2897 An
357 2864 502 2907 anus,
540 2863 604 2895 an
628 2850 957 2895 excrementa?
1012 2850 1142 2895 Haec
1175 2844 1359 2911 saepius
1381 2849 1583 2911 repetita
1609 2844 1763 2897 obser}

196 2941 216 2949 v*
255 2921 390 2969 uatio
428 2937 516 2968 nos
554 2917 753 2968 vlterius
779 2921 1009 2979 conuicit‚
1044 2916 1280 2967 maculam
1304 2920 1494 2982 nigram
1509 2918 1599 2967 effe
1638 2918 1770 2966 orifi-

255 2996 381 3041 cium
414 2995 496 3041 ani
532 2992 582 3039 in
622 2990 778 3040 altero
814 2988 960 3057 plano
1002 2992 1235 3059 politum,
1296 3004 1342 3040 et
1366 2990 1545 3040 lineam
1580 2992 1773 3053 nigram

255 3063 573 3114 transuersam
602 3062 769 3132 procul
798 3062 948 3115 dubio
975 3063 1146 3115 eodem
1188 3065 1435 3132 pertinere
1469 3062 1547 3116 vel
1585 3060 1771 3129 aliquici

251 3149 665 3202 excrementorum
698 3135 804 3188 effe.
1547 3173 1550 3176 -

1625 3209 1680 3271 τά
1701 3205 1732 3235 0
1753 3222 1772 3260 1.
