2111 3567
272 179 351 225 22
476 178 701 227 SECT.
754 181 799 228 I.
909 182 1222 230 PARTES
1277 186 1754 239 AN1MALES.

268 357 300 401 2
334 333 380 381 0
406 390 420 404 .
470 334 1017 408 Incleterminatum
1046 338 1301 412 habent
1329 361 1596 414 motum
1616 399 1634 428 ,
1684 343 1819 416 fin'e
1847 347 1948 417 vl-

354 430 415 498 la
458 434 686 523 regula
741 453 813 502 et
866 435 1129 517 ordine,
1166 434 1394 507 ‘versus
1437 439 1646 510 varias
1690 442 1950 534 plagas,

353 546 734 619 omnesque
776 528 1186 601 direcliones
1230 553 1629 616 excurrunt,
1676 534 1796 605 alia
1838 559 1949 607 ce·
2013 566 2018 569 ·

352 616 477 691 leri
516 622 633 690 alia
668 623 961 693 tardiore
996 626 1208 718 magis
1240 626 1576 719 agitantur
1604 649 1801 700 motu
1850 635 1946 718 n).

346 716 507 788 Alia
546 717 757 798 recia,
808 721 1132 812 quaedam
1166 718 1561 815 serpentina,
1591 725 1949 796 nonnulla-

353 833 489 902 que
515 808 730 905 spirali
757 813 862 882 via
882 814 1231 887 incedunt.
1336 815 1507 886 Vidi‘
1529 819 1837 912 perplura
1863 845 1949 891 ex

353 926 601 976 centro
628 907 826 979 maris
857 906 949 979 sui
984 909 1162 979 recta
1198 909 1367 980 linea
1395 913 1474 979 ad
1507 912 1736 983 littora
1759 913 1948 984 habi-

352 1000 561 1070 taculi
601 1024 993 1089 excurrere,
1040 1004 1409 1099 paullulum
1458 1008 1619 1078 dum
1660 1024 1949 1101 perpen-

352 1095 607 1166 debant
649 1097 816 1192 quid
887 1098 1017 1169 illis
1083 1099 1480 1183 obueniret5
1561 1123 1950 1186 reuertunt‚
2009 1136 2016 1154 2

354 1190 776 1285 eandemque
805 1193 981 1263 viam
1021 1193 1250 1265 denuo
1279 1193 1656 1268 absoluunt.
1714 1197 1948 1287 Qae-

355 1284 509 1354 dam
540 1287 607 1355 iu
641 1285 829 1357 cursu
861 1289 1003 1360 aliis
1050 1289 1327 1360 obuiam
1361 1292 1676 1373 veniunt,
1725 1292 1949 1382 quod-

346 1377 519 1450 libet
554 1401 724 1452 tunc
755 1381 984 1453 semita
1023 1384 1242 1466 cedit,
1314 1410 1442 1456 nec
1477 1410 1773 1482 vnquam
1804 1385 1946 1457 vidi

351 1472 638 1581 alterum
678 1480 760 1549 ad
789 1479 1072 1550 alterum
1102 1478 1347 1552 allififfe
1392 1484 1491 1571 o).

1791 1595 1942 1688 30·

391 1763 613 1813 tionibus
638 1761 823 1813 cautela
852 1764 979 1815 mihi
1011 1774 1117 1815 erat
1152 1761 1459 1815 obseruanda
1477 1802 1492 1824 ‚
1546 1760 1619 1812 nil
1647 1765 1780 1813 euim
1809 1763 1944 1815 vide-

393 1853 449 1886 re
486 1838 536 1884 in
567 1836 710 1905 plena
746 1837 882 1901 luce,
921 1851 969 1888 et
993 1837 1219 1906 plenaria
1254 1838 1429 1887 vmbra
1460 1839 1620 1905 potui.
1675 1836 1940 1888 Inclinatio

392 1907 576 1976 speculi
602 1909 867 1978 itaqueilla
881 1910 973 1961 effe
990 1911 1229 1973 debebat,
1268 1922 1320 1960 vt
1345 1926 1521 1977 parum
1546 1908 1820 1979 superficiei
1835 1909 1940 1979 spe.

393 1979 491 2032 culi
520 1983 720 2033 auersae
746 2002 871 2053 quae
897 1987 1036 2049 nigra
1063 1986 1155 2046 est,
1185 1993 1507 2051 compareret.

322 2057 381 2123 n)
414 2073 431 2106 1
450 2069 483 2103 O
498 2070 526 2106 Β
546 2071 575 2105 L
593 2070 627 2104 Ο
643 2071 681 2104 Τ
716 2058 770 2106 in
793 2055 1049 2125 Ohfirvat.
1075 2052 1252 2126 cl'hqst.
1275 2068 1380 2107 nat.
1399 2054 1564 2122 faites
1585 2075 1703 2108 avec
1725 2056 1765 2108 le
1793 2059 1935 2109 micr‘

291 2183 300 2200 Ι
391 2131 462 2180 Τ.
487 2134 526 2182 Ι.
565 2126 613 2183 Ρ.
642 2132 703 2178 ll.¹
731 2147 838 2197 pag.
866 2145 936 2192 14.
967 2132 1102 2182 Tab.
1130 2147 1175 2181 2.
1199 2132 1202 2133 ⁷

319 2212 374 2268 o)
413 2203 628 2252 Maxime
654 2205 950 2257 conuincens
981 2204 1075 2254 hoc
1102 2206 1167 2267 est
1207 2201 1462 2258 fautorum
1515 2201 1933 2254 animalculorum

391 2273 542 2325 infus.
558 2290 917 2343 argumentum,
937 2277 1022 2326 vbi
1038 2288 1084 2333 et
1105 2275 1395 2331 vitalitatem
1413 2309 1428 2338 ,‹
1449 2287 1496 2332 et
1517 2274 1716 2326 vitalem
1745 2277 1935 2326 horum

391 2347 801 2417 corpusculorum
819 2352 919 2402 vim
936 2348 1160 2400 asserturi
1184 2347 1307 2399 sunt.
1361 2347 1570 2409 Effe&115
1590 2348 1721 2412 sane,
1749 2349 1934 2413 dicent,

390 2433 438 2471 et
463 2422 806 2490 phaenomena
837 2422 1062 2484 edocent,
1091 2422 1211 2480 haec
1245 2419 1576 2483 animalcula,
1624 2420 1683 2471 de
1716 2440 1931 2490 quorum

390 2511 511 2544 vera
538 2493 754 2549 dubitari
772 2504 1022 2564 nunquam
1041 2496 1143 2549 vita
1166 2496 1350 2564 poterit
1366 2507 1380 2554 3
1416 2497 1613 2559 organis
1640 2494 1934 2562 quibusdam

388 2569 620 2617 instruc'ta
655 2568 766 2631 effe,
797 2570 976 2636 quibus
1005 2569 1104 2618 sese
1137 2567 1447 2633 cognoscere,
1494 2566 1718 2635 adeoque
1752 2567 1932 2637 impul-

388 2638 494 2693 sum
521 2639 721 2695 alterius
758 2643 945 2690 euitare
974 2638 1217 2708 poffunt3⁷
1265 2643 1400 2691 Num
1439 2658 1584 2695 verus
1627 2638 1798 2690 oculus
1846 2643 1933 2691 sta-

390 2715 465 2762 tui
490 2715 542 2761 in
571 2712 646 2761 his
675 2712 941 2762 exiliffimis
965 2715 1107 2781 possit
1124 2711 1450 2779 corpusculis,
1487 2715 1718 2767 euincere
1746 2715 1828 2763 vix
1848 2732 1932 2763 au-

387 2785 552 2846 deant,
587 2784 791 2841 fortaffis
806 2798 965 2838 autem
991 2784 1249 2855 quodlibet
1276 2788 1510 2854 punitum
1543 2788 1767 2853 corporis
1797 2785 1927 2835 visus

386 2876 535 2926 capax
563 2858 762 2921 dicunt,
819 2873 866 2913 at
894 2877 982 2913 cur
1014 2862 1145 2909 enim
1177 2859 1338 2907 inhis
1383 2857 1691 2910 animalculis
1732 2860 1928 2907 ratione

384 2931 515 2983 visus
542 2931 707 2981 eadem
734 2931 1078 2988 memorabilia
1102 2932 1340 2981 assumere
1371 2929 1600 2980 illicitum
1626 2928 1761 2991 effer,
1797 2948 1927 2999 quae·

380 3005 436 3052 in
468 3003 576 3056 aliis
607 3005 957 3066 obstruamus,
1015 3003 1136 3054 dum⁴
1175 3021 1271 3053 auo
1304 3002 1578 3072 respirant,
1621 3002 1681 3051 ad
1708 3001 1923 3066 longitu-

381 3076 544 3126 dinem
581 3077 706 3127 dorii
736 3076 1068 3132 circulationis
1095 3093 1283 3141 organa
1307 3088 1512 3140 gerunt,
1556 3087 1603 3124 et
1628 3076 1803 3144 procul
1833 3075 1923 3124 du-

379 3152 465 3198 bio
488 3149 723 3202 offla-‘tuin
753 3153 999 3200 cornubus
1014 3152 1263 3199 obtinent:
1283 3168 1388 3198 cum
1406 3161 1658 3217 praeterea
1690 3150 1923 3198 omnibus

375 3242 637 3274 commune
677 3227 738 3275 est
785 3223 980 3275 inseclis
1014 3223 1169 3277 oculis
1202 3224 1433 3275 instruffia
1469 3220 1563 3274 effe
1599 3222 1919 3274 numerossffi-

368 3312 476 3350 mis.
