2111 3567
285 201 360 247 12
558 193 782 247 SECT.
836 195 884 245 Ι.
984 195 1304 247 PARTES
1354 195 1835 250 ANIMALES.

371 352 621 424 vermis
674 351 1090 446 peripheria,
1171 352 1280 424 seu
1327 372 1622 449 Vtroque
1663 355 1962 452 margine

371 449 796 521 innumeram
841 447 1260 545 polyporum
1311 447 1582 535 seriem,
1669 448 1780 521 seu
1820 452 1963 615 {mi-

1707 569 1813 617 ma
1845 569 1960 616 cu-

496 700 608 766 140
632 736 644 749 .
693 703 864 751 Prouti
899 698 1079 751 canalis
1118 698 1421 753 alimentaria
1459 713 1646 773 partem
1696 719 1960 753 concauam

420 776 604 825 vemnis
629 772 878 842 sequitur,
915 778 983 825 ita
1010 789 1198 844 partem
1222 794 1484 825 connexam
1511 775 1867 846 receptaculum
1885 792 1960 823 re-

421 846 595 914 spicit,
631 849 683 895 in
714 862 906 896 tenuem
933 846 1148 898 canalem
1183 863 1328 915 caput
1353 848 1514 898 versus
1542 866 1818 898 excurrens·
1856 851 1960 897 Me-

421 919 560 968 dium
579 921 751 969 ‚locum
780 932 981 989 occupat
1019 918 1198 970 canalis
1221 921 1525 989 serpentinus
1559 922 1841 991 descriptus.

497 1010 540 1052 ις
565 992 594 1024 0
619 1031 631 1045 .
684 997 818 1042 Inter
851 992 1184 1062 serpentinum
1217 991 1464 1056 canalem,
1498 1005 1546 1044 et
1572 991 1960 1064 receptaculum,

417 1065 609 1117 medius
633 1063 758 1114 alius
784 1068 849 1115 est
871 1064 1049 1115 canalis
1076 1064 1287 1123 nodosus
1305 1105 1320 1127 ,
1345 1068 1646 1135 materieque
1668 1066 1830 1117 albida
1858 1063 1960 1134 ple-

414 1140 650 1189 nissimus.
706 1138 934 1189 Ascendit
966 1157 1114 1208 vsque
1144 1138 1205 1188 ad
1228 1141 1413 1208 apicem
1446 1142 1646 1209 capitis,
1684 1137 1847 1190 rursus
1873 1136 1958 1187 de-

413 1210 632 1274 scendit,
668 1213 786 1260 etin
809 1211 1008 1261 duetum
1037 1211 1371 1281 serpentinum
1402 1213 1695 1277 reflee'titur‚
1731 1211 1959 1262 vlterius·

416 1302 512 1352 que
550 1287 600 1333 in
624 1284 840 1333 canalem
886 1283 1194 1352 receptaculi.
1263 1283 1405 1334 Vnde
1454 1297 1616 1335 autem
1645 1287 1835 1335 oriatur
1872 1284 1958 1333 hie

411 1357 721 1425 serpentinus
742 1357 940 1419 canalis,
958 1375 1018 1406 an
1044 1376 1100 1406 ex
1117 1360 1274 1428 capite
1289 1361 1304 1406 3
1319 1358 1412 1408 hoc
1428 1356 1745 1408 determinari
1769 1357 1957 1425 nequit,

412 1430 611 1481 videtur
636 1432 882 1493 originem
903 1429 1035 1481 suam
1058 1432 1128 1479 ibi
1146 1431 1347 1492 habere,
1381 1432 1478 1481 fine
1493 1432 1868 1480 continuatione
1893 1444 1955 1477 ex

409 1499 547 1563 alio,
596 1518 642 1553 ct
675 1502 883 1552 fortaffis
904 1505 956 1552 in
982 1507 1164 1554 vermis
1188 1516 1327 1573 parte
1348 1503 1593 1553 inferiore
1628 1505 1682 1554 in
1710 1500 1953 1554 nodosum

413 1589 747 1632 continuatur.
1347 1635 1350 1638 Α

486 1653 543 1699 In
569 1665 747 1712 genere
778 1647 1050 1699 notandum
1075 1652 1168 1713 est,
1220 1652 1272 1701 in
1299 1651 1458 1719 capite
1487 1647 1601 1700 illos
1629 1645 1834 1712 ¹canales,
1872 1645 1956 1695 ad·

411 1721 616 1774 modum
649 1721 943 1772 conuolutos
962 1724 1083 1786 esse,
1122 1742 1370 1794 vnumque
1393 1723 1522 1793 quasi
1555 1719 1732 1792 corpus
1764 1719 1956 1781 efficere

412 1795 797 1856 subobscurum,
827 1793 911 1844 sub
934 1795 1262 1866 microscopio
1295 1814 1394 1851 non
1422 1794 1691 1866 pellucens.

489 1874 542 1917 16
563 1868 594 1898 0
616 1902 630 1915 .
682 1870 749 1917 Ex
768 1869 990 1931 regione,
1014 1870 1099 1918 vbi
1118 1873 1181 1918 est
1198 1870 1307 1918 finis
1322 1868 1504 1922 canalis
1518 1866 1837 1929 alimentaria,
1853 1866 1954 1917 ori»

409 1943 458 1993 ri
491 1938 688 1992 videtur
714 1938 837 1989 alius
863 1939 1073 2003 canalis,
1108 1945 1193 2010 qui
1219 1945 1270 1991 in
1291 1940 1493 1996 caudam
1528 1938 1873 2003 descendit,ad
1901 1957 1952 1988 a·

410 2016 569 2085 picem
600 2016 893 2081 ciusvsque.
988 2016 1153 2065 Cauda
1186 2017 1316 2068 hune
1336 2017 1536 2064 Vnicum
1570 2012 1788 2062 canalem
1821 2031 1951 2062 com·

408 2086 645 2155 plectitur
662 2123 677 2147 ,
715 2087 925 2135 ambitus
946 2084 1081 2141 illius
1099 2085 1249 2138 laeuis
1273 2105 1374 2136 non
1403 2088 1485 2151 est,
1521 2084 1605 2136 sed
1630 2085 1800 2153 asper,
1838 2103 1892 2134 ac
1915 2085 1947 2134 fi

409 2158 707 2223 :irregularis
734 2157 970 2226 quaedam
1001 2161 1229 2213 materies
1262 2160 1560 2212 inhaereret.
1634 2157 1707 2208 Ad
1729 2157 1948 2208 canalem

410 2233 747 2298 generationis
775 2249 877 2284 non
916 2234 1164 2299 pertinere
1202 2231 1425 2292 videtur,
1456 2229 1691 2300 siquidem
1719 2234 1771 2281 in
1793 2231 1950 2301 pluri-

412 2307 504 2357 bus
530 2305 755 2355 subiectis
783 2306 1037 2359 materiem
1059 2316 1334 2354 contentam
1361 2306 1781 2370 examinatiimus,
1821 2316 1947 2353 erne

366 2411 369 2414 -
414 2381 670 2440 vestigium
700 2377 897 2447 quidem
922 2375 1187 2427 ouulorum
1223 2378 1449 2441 detegere
1472 2380 1734 2444 potuimus.
1785 2380 1858 2426 An
1888 2375 1947 2434 il-

413 2450 460 2501 la
476 2453 704 2501 materies
729 2448 1015 2514 irregularis
1039 2450 1248 2519 satisque
1270 2450 1534 2520 pellucens,
1552 2449 1720 2518 liquor
1745 2448 1947 2518 quidam

411 2528 648 2574 nutritius
671 2526 722 2576 sit
742 2542 798 2573 cx
829 2520 986 2573 canali
1006 2521 1285 2572 alimentari
1313 2536 1467 2583 natus,
1487 2524 1676 2590 etquafi
1696 2524 1746 2572 in
1764 2525 1946 2581 intesti-

411 2615 529 2646 num
558 2596 857 2665 productus?
917 2601 973 2647 In
1000 2595 1289 2665 quibusdam
1326 2594 1481 2647 dietus
1512 2598 1694 2646 canaiis
1731 2609 1860 2647 teres
1896 2609 1943 2646 et

411 2670 604 2740 spiralis
634 2672 862 2725 inuentus
899 2671 981 2723 est.

490 2761 542 2809 ¹7
564 2743 595 2773 0
619 2781 632 2795 .
706 2746 763 2796 In
791 2742 940 2798 cauda
977 2742 1090 2791 fleca
1135 2740 1300 2805 rursus
1329 2740 1545 2792 medium
1592 2735 1840 2809 quoddam
1870 2758 1942 2791 caae

411 2835 528 2868 num
568 2816 602 2869 s.
627 2813 845 2869 canalem
880 2814 1100 2871 distinffie
1136 2814 1522 2869 obseruauimus.
1605 2818 1740 2866 Num
1773 2815 1827 2865 fit
1860 2832 1920 2884 pe

411 2889 608 2942 euliaris
640 2887 852 2942 canalis?
884 2906 944 2937 an
970 2905 1141 2937 cauum
1163 2887 1386 2938 caudae?

489 2974 534 3028 18
556 2960 585 3012 ,Ο
609 3000 623 3015 .
676 2964 808 3012 Finis
823 2959 999 3015 caudae
1012 2972 1314 3031 totusacutns
1328 2962 1421 3022 est,
1458 2961 1525 3009 ita
1541 2970 1703 3009 tamen
1720 2996 1733 3023 ‚
1751 2973 1802 3012 vt
1817 2957 1942 3010 duae

409 3030 574 3088 lineae
617 3033 796 3084 caudae
833 3033 893 3084 ad
935 3051 1136 3084 acumen
1167 3045 1443 3087 excurrant.
1529 3037 1782 3086 Extremus
1812 3050 1936 3103 apex

410 3128 518 3162 cum
540 3107 754 3157 rotundo
776 3105 1031 3162 tuberculo
1062 3109 1372 3165 terminatur.

484 3185 616 3231 Haec
642 3199 769 3230 nunc
796 3198 849 3231 ea
877 3180 1015 3244 sunt,
1047 3198 1171 3248 quae
1201 3180 1472 3250 praesentia
1496 3196 1603 3234 mea
1628 3182 1742 3232 teste
1770 3196 1940 3232 coram

404 3256 454 3315 b.
487 3251 772 3309 Roederero
792 3256 917 3307 circa
938 3252 1283 3309 memorabilia
1309 3256 1432 3310 haec
1455 3252 1747 3311 animalcula
1774 3251 1941 3337 obser:

1824 3340 1944 3377 uam
