2111 3567
286 122 507 173 sEcT.
557 121 603 173 1.
699 122 1018 174 PARTES
1066 110 1537 179 ANIMALES.
1657 130 1741 199 ‘35

196 271 313 348 sub
352 276 557 372 figura
595 275 866 369 globosa
906 281 1115 349 vermi
1156 283 1525 361 adhaelille,
1592 285 1747 355 dein

189 371 416 443 sensim
468 371 881 465 pedunculus
924 373 1360 465 elongebatur
1400 381 1479 447 ad
1521 379 1745 447 termi-

181 467 459 547 num,in
491 464 889 556 quodepieli
921 464 1092 546 sunt,
1125 492 1193 537 et
1214 469 1600 561 corpuscula
1631 470 1747 541 de·

174 557 417 651 pietani
449 557 850 626 assumebant
874 557 1178 649 figuram,
1211 585 1283 629 vr
1300 560 1529 633 osculo
1559 589 1744 656 aper-

175 672 253 720 to
278 651 825 720 circumnatantia
853 649 1163 721 infusoria
1197 655 1603 734 animalcula,
1629 678 1744 728 aut

179 742 545 813 moleculas
581 744 996 834 inotganicas
1026 747 1444 819 denotarent.
1551 749 1743 820 Vidi-

176 860 325 908 mus
366 859 640 930 quoque
668 836 829 904 alios
871 839 1165 930 polypos
1207 842 1633 933 integerrime
1668 854 1744 912 e·-

109 955 115 960 ’
172 930 1744 1024 longatos‚subitoinvnun13>1111e³tu211sesecon-
1849 1001 1852 1004 .

176 1024 451 1118 ttvaxill'e²
481 1044 556 1092 vt
582 1047 675 1128 'ne
705 1024 1051 1117 vestigium
1068 1027 1340 1119 quidem
1371 1030 1740 1122 pedunculi

175 1137 649 1211 comparuerit.
880 1149 883 1152 ·
1688 1150 1690 1152 ’
1717 1150 1720 1152 ·

144 1265 227 1341 d.
272 1273 352 1340 15.
387 1265 440 1339 h.
473 1284 534 1353 g.
566 1288 709 1339 mat.
814 1267 1045 1342 Alium
1101 1274 1740 1357 vermemanucore

77 1363 432 1441 maximam
460 1365 683 1455 quoad
705 1387 956 1456 partem
986 1364 1600 1461 obdufi‘tunnaquae
1616 1397 1740 1465 pu-

73 1457 237 1527 riori
252 1455 487 1527 immisi
506 1507 526 1543 ‚
549 1458 642 1527 nil
660 1480 884 1527 motus
903 1457 1190 1548 primum
1212 1462 1522 1554 detegere
1541 1486 1738 1556 pote-

72 1574 246 1632 ram,
307 1546 534 1622 senlim
579 1570 800 1621 autem
846 1553 1415 1646 pededentimque
1459 1581 1737 1636 mouere

72 1646 312 1739 polypi
339 1642 466 1716 sese
498 1644 932 1739 incipiebant,
981 1664 1050 1713 et
1075 1670 1255 1714 nunc
1283 1646 1737 1735 obseruabam,

69 1762 190 1831 pet
233 1762 507 1818 omnem
540 1740 833 1808 mucoris
873 1739 1249 1829 regionem,
1277 1743 1575 1835 polypos
1613 1771 1733 1816 cO.-

62 1829 457 1926 piofiffimos
485 1828 740 1902 frondis
767 1833 962 1904 instar
987 1856 1068 1901 ex
1089 1857 1313 1903 verme
1344 1839 1732 1929 prorupuis-

63 1925 166 2007 se,
236 1922 527 1996 diuersae
570 1926 1070 2018 magnitudinis·
1183 1927 1476 2021 Liquori
1523 1929 1729 2003 affuso

64 2018 243 2092 varia
279 2041 553 2114 quoque
583 2018 968 2089 innatabant
999 2018 1387 2091 animalcula
1419 2023 1731 2097 infusoria

67 2112 402 2188 consueta.
464 2115 738 2184 Variam
769 2109 1021 2183 subiere
1051 2119 1516 2188 mutationem.
1572 2120 1729 2191 Alia

64 2209 135 2279 in
162 2208 323 2277 loco
354 2228 553 2299 quem
584 2207 698 2276 sub
729 2228 925 2277 motu
966 2210 1293 2280 anteriora
1324 2209 1543 2296 versus
1571 2214 1725 2296 diri—

67 2303 348 2395 gebant,
393 2301 464 2371 in
491 2301 793 2370 aculeum
824 2299 1241 2391 proboscidis
1265 2304 1459 2374 instar
1474 2308 1726 2376 acumi-

65 2395 410 2466 nabantur.
513 2396 664 2465 Alia
694 2392 806 2463 sub
831 2418 1024 2464 motu
1052 2419 1087 2463 a
1112 2395 1316 2488 figura
1335 2398 1609 2488 globosa
1623 2425 1725 2484 re,-

60 2491 425 2570 cedebant‚
522 2487 910 2581 sulcumque
993 2490 1165 2583 quafi
1252 2493 1725 2584 ostendebant,

60 2585 290 2652 omnia
334 2604 554 2652 autem
599 2583 825 2653 exa&e
867 2584 936 2653 in
968 2584 1265 2655 mucoris
1303 2587 1614 2676 regione,
1652 2612 1721 2662 et

59 2678 317 2768 ambitu
346 2676 720 2747 manebant.
798 2676 991 2746 Varia
1017 2677 1134 2746 alia
1164 2680 1324 2748 mira
1353 2681 1720 2771 agitatione

57 2770 479 2840 ascendendo
525 2769 1129 2865 descendendoque
1169 2774 1344 2842 circa
1380 2775 1716 2847 eiusmodi

53 2868 352 2939 mucoris
406 2866 861 2955 pedunculum
912 2868 1397 2949 mouebantur,
1489 2872 1714 2941 donec

51 2956 180 3026 sese
212 2960 482 3030 tandem
509 2958 624 3030 sub
669 2957 811 3053 ipso
855 2982 1078 3029 verme
1113 2959 1272 3029 visui
1303 2960 1531 3034 nostro
1566 2963 1715 3034 sub-

57 3054 326 3124 ducant.

77 3162 81 3168 '
939 3149 1003 3221 C
1048 3175 1082 3222 2
1579 3151 1633 3224 h.
1658 3177 1712 3224 2.
