2111 3567
187 125 412 180 snc'r,
460 124 535 179 11.
579 122 896 176 PARTES
943 123 1555 179 VEGETABILES.
1652 131 1735 192 5¹

234 282 507 356 lutinata
534 300 748 363 erant,
766 299 841 351 vt
866 303 1074 351 vnum
1103 279 1603 363 animalculum‚
1633 295 1744 352 ce-

215 380 448 449 e'rrime
466 375 592 446 sese
620 397 920 460 monem,
938 374 1437 445 constituerent.
1463 374 1601 477 Fig.
1618 376 1746 452 IV.

185 472 256 543 P.
304 473 410 560 Q
494 469 733 539 Statim
776 490 931 537 cum
961 487 1219 560 guttam
1262 469 1433 537 hanc
1460 468 1745 561 inlpice-

102 590 105 593 ·
183 588 360 650 rem,
411 560 655 653 duplex
684 559 818 631 hoc
844 559 972 630 iam
1003 560 1224 631 aderat
1252 562 1748 654 animalculum,

185 661 347 728 etad
368 652 567 747 ipsam
598 652 874 745 liquoris
903 649 1410 727 exsiccationem
1440 656 1746 728 iunctum

182 750 434 823 manlit.
537 748 696 817 Vidi
727 771 995 840 quoque
1024 745 1379 840 specimen,
1414 755 1484 820 in
1501 773 1640 844 quo
1665 751 1748 823 li-

183 846 381 917 mites
410 841 750 933 Vtriusque
786 841 1157 912 animalculi
1189 844 1276 912 ita
1314 846 1441 914 iam
1481 845 1749 918 coalue-

186 959 367 1020 rant,
415 953 491 1004 vt
534 935 646 1002 vix
688 935 899 1006 modo
934 933 1200 1027 superfit
1230 937 1597 1028 vestigium.
1647 940 1729 1012 R.

98 1057 158 1125 3.
209 1022 488 1123 Copiofi
533 1025 766 1099 adsunt
809 1029 1047 1122 polypi
1093 1027 1441 1120 descripti,
1487 1032 1593 1102 aiii
1630 1058 1751 1127 pe-

188 1121 496 1198 dunculis
523 1118 879 1193 adhaerent
907 1121 1384 1193 molecularum
1413 1123 1754 1215 glomeru—

189 1217 306 1300 lis,
354 1214 462 1289 alii
487 1214 651 1285 infra
678 1211 861 1286 floris
885 1216 1246 1300 frustulum,
1266 1236 1333 1287 et
1363 1215 1433 1286 in
1449 1222 1755 1293 eiusdem

188 1308 446 1385 ambitu
480 1304 654 1378 affixi
688 1302 855 1381 sunt.
1496 1381 1505 1391 ,

144 1403 203 1483 d.
228 1402 656 1498 23.h.10.vcss0.
698 1403 876 1475 Inter
904 1404 1117 1475 variae.
1138 1400 1754 1495 specieianimaleu-

93 1499 155 1574 la
184 1498 496 1573 infusoria
512 1497 648 1568 vidi
668 1497 1002 1592 polypum
1029 1498 1312 1571 liberum
1329 1495 1401 1566 Fi
1409 1522 1467 1591 g.
1487 1501 1532 1589 I.
1549 1501 1606 1589 J.
1633 1503 1753 1596 qui

95 1591 552 1690 pedunculum
588 1614 645 1661 2.
691 1590 802 1662 liu.
841 1595 1120 1685 longum
1167 1588 1314 1689 post
1350 1589 1413 1661 se
1441 1594 1756 1672 ducebat.

97 1687 457 1780 Singularis
482 1683 575 1753 illi
602 1705 740 1756 erat
768 1680 976 1759 osculi
1003 1689 1346 1767 umerum,
1378 1709 1574 1780 quam
1607 1714 1761 1770 non*

95 1782 328 1878 prouti
358 1780 428 1849 in
460 1777 601 1850 aliis
637 1781 998 1852 rotundam
1043 1779 1424 1861 obstruam,
1471 1782 1577 1854 sed
1604 1808 1755 1878 pars

97 1876 492 1972 prominens
532 1875 909 1967 corpusculi
960 1875 1249 1947 anterius
1286 1875 1403 1946 sub
1429 1898 1622 1949 motu
1655 1882 1759 1950 di-

98 1972 309 2052 rec³ta,
378 1987 579 2062 caput
607 1967 831 2062 itaque
868 1968 949 2039 ad
981 1985 1029 2061 2„
1055 1966 1166 2041 lin.
1208 1989 1463 2063 partem
1498 1973 1545 2044 I.
1575 1973 1639 2046 d.
1669 1977 1761 2065 Kg

97 2087 159 2137 e.
202 2062 605 2141 findebatur,
677 2063 1069 2157 re&umque
1109 2062 1282 2159 quafi
1317 2063 1765 2158 repraesenta-

97 2154 230 2229 bat.
331 2154 568 2228 Motus
595 2157 792 2238 huius
822 2156 1201 2250 corpusculi
1228 2159 1594 2234 admodum
1616 2163 1761 2235 len-

101 2271 210 2323 tus
238 2248 556 2345 spiraliter
581 2270 965 2323 contortus:
1025 2252 1362 2323 interdum
1395 2278 1542 2348 pars
1574 2278 1759 2328 ante-

99 2336 834 2436 riorsubmcrgcbatur,
865 2348 932 2413 ct
958 2344 1279 2437 posterius
1305 2345 1520 2420 rursus
1548 2373 1763 2423 emer·

92 2437 339 2532 gebat,
367 2438 457 2509 ita
484 2457 558 2508 vt
588 2439 907 2509 vndarum
926 2440 993 2509 in
1010 2440 1292 2511 modum
1321 2443 1561 2515 animal
1578 2468 1763 2518 com·

95 2551 504 2603 moueretur.

92 2640 96 2644 ’
199 2624 254 2697 d.
283 2649 383 2719 24.
442 2624 793 2718 integrum
821 2627 1021 2721 petali
1054 2625 1538 2721 fragmentum,
1572 2634 1763 2728 quod

98 2722 458 2813 putredine
497 2720 625 2789 iam
670 2721 860 2791 omni
897 2723 1208 2792 orbatum
1249 2745 1385 2794 erat
1423 2726 1764 2800 vtriculari

104 2812 485 2901 substantia,
534 2833 609 2884 vt
634 2838 850 2886 merae
880 2817 1098 2887 costae
1125 2817 1471 2902 restarent,
1494 2821 1765 2912 indaga-

103 2908 344 2980 uimu5.
395 2909 532 2999 Fig.
577 2907 739 2981 X111.
849 2908 1056 2980 Multi
1098 2910 1258 2982 huic
1297 2909 1575 2984 frustulo
1617 2915 1765 2992 AB.

103 3002 462 3075 adhaerent
490 3001 728 3096 polypi
771 3004 853 3076 C.
885 3026 1041 3074 cum
1075 3007 1473 3097 pedunculis
1495 3005 1624 3077 suis
1648 3032 1768 3080 ex·-

103 3091 321 3169 tenfis„
415 3095 557 3170 Alii
595 3096 834 3193 polypi
872 3097 950 3170 E.
991 3098 1107 3191 ipfi
1139 3098 1341 3194 petali
1379 3099 1767 3173 substantiae
1872 3125 1876 3130 ’

925 3192 995 3264 D
1048 3218 1081 3262 2
1616 3194 1768 3269 infi-
