2111 3567
335 166 432 251 64
527 186 752 238 sacr.
805 186 881 235 11.
945 151 1261 245 PARTES
1314 185 1935 249 VEGETAMLES.

620 341 803 436 fug-ia
843 366 1194 436 quaerere,
1259 345 1669 438 tandemque
1707 371 1874 424 vero
1897 371 2011 419 ven

625 438 738 508 lut.
755 435 1142 508 fascinatum
1171 439 1246 509 in
1272 462 1352 508 os
1386 440 1619 531 anguis
1647 440 1886 512 infilire
1925 452 2012 531 c).

528 532 607 622 b)
656 531 1084 620 Animalcula
1100 529 1503 626 pisciformia
1530 535 1606 625 d>
1632 534 2014 629 longiuscm

622 628 686 699 la
707 627 1193 719 magnitudinis
1216 625 1354 697 fere
1370 653 1431 716 4.
1459 628 1573 700 lin.
1625 630 1701 699 ln
1719 651 2013 724 Vtroque

625 742 937 795 extremo
974 721 1389 804 acuminata,
1437 724 1879 816 pellucentia,
1938 726 2012 796 in

617 817 855 889 medio
884 814 1256 899 latiuscula,
1299 841 1543 912 opaca,
1591 839 1856 890 motum
1908 844 2014 890 re·

617 932 904 1008 pentem
928 910 1215 995 habent,
1241 936 1384 982 non
1413 913 1583 984 adeo
1613 914 1757 985 cito
1776 914 2012 985 ambu-

609 1006 787 1098 lant,
862 1030 1032 1101 quae
1087 1006 1216 1078 illis
1258 1007 1679 1079 nutrimento
1729 1006 1888 1091 fiat,
1942 1026 2016 1078 et

618 1125 788 1174 num
834 1100 917 1172 ab
953 1102 1126 1185 aliis,
1208 1100 1622 1175 denotentur
1661 1127 1801 1174 non
1851 1104 2016 1174 vidi.

618 1198 780 1272 Alia
808 1194 957 1266 sunt
988 1197 1280 1284 minora,
1324 1195 1439 1268 sed
1467 1197 1764 1268 eiusdem
1811 1196 2021 1290 speci*

621 1294 720 1375 ei,
769 1293 932 1362 dum
975 1314 1336 1386 parumper
1375 1291 1447 1364 in
1495 1313 1695 1363 motu
1730 1295 1813 1364 ad
1848 1293 2024 1363 latus

620 1386 1065 1469 inclinantur,
1132 1386 1559 1457 latitudinem
1601 1387 1833 1460 videre
1869 1385 2025 1482 pos-

614 1479 844 1575 sumus
910 1479 1324 1573 corpusculi,
1399 1506 1570 1576 quae
1620 1480 1712 1554 est
1751 1482 2023 1555 circiter

620 1596 856 1672 quarta
885 1574 1336 1668 longitudinis
1363 1599 1531 1670 parS.

530 1670 608 1767 c)
657 1671 919 1742 Maiora
935 1671 1064 1741 lata
1084 1671 1302 1766 ampla
1333 1669 2023 1768 animalculaFig.V·I.

622 1768 713 1838 G.
742 1766 838 1837 H.
866 1767 913 1837 I.
941 1766 1027 1836 K.
1059 1766 1291 1836 onmia
1307 1785 1659 1861 quotquot
1686 1768 1757 1838 in
1784 1768 1924 1839 hoc
1951 1769 2027 1838 li-

621 1860 840 1957 quido
859 1860 1000 1931 vidi
1016 1860 1315 1930 eiusdem
1339 1863 1823 1954 magnitudinis
1837 1915 1857 1951 ‚
1874 1864 2029 1934 lon·-

622 1955 873 2052 gitudo
919 1980 1062 2042 4-5
1113 1956 1227 2028 lin.
1276 1955 1564 2027 latitudo
1624 1961 1815 2040 κήξ.
1916 1958 2025 2028 Fi-

572 2129 583 2137 ,
615 2075 780 2148 gura
807 2072 1036 2133 onata,
1084 2075 1156 2122 m
1190 2072 1484 2143 Vtroque
1518 2072 1827 2123 extremo
1869 2078 2026 2123 acu-

612 2149 902 2227 minata,
974 2170 1124 2239 pars
1161 2147 1458 2216 anterior
1508 2167 1835 2241 quantum
1881 2147 2024 2220 vidi

609 2241 749 2315 fine
773 2240 967 2311 omni
991 2240 1206 2313 rostro
1237 2260 1305 2309 et
1336 2240 1547 2332 apice,
1595 2242 1664 2311 in
1696 2243 2025 2336 posterio-

608 2361 684 2409 re
721 2355 947 2409 autem
976 2356 1164 2429 parte
1203 2336 1344 2405 duo
1372 2335 1629 2428 apices,
1660 2340 1775 2428 qui
1817 2335 2026 2410 forci-

487 2477 496 2485 ·
604 2457 768 2530 pem
806 2433 905 2500 vti
941 2432 1191 2525 opinor
1230 2428 1756 2524 repraesentant,
1819 2457 2024 2526 quam

615 2527 798 2599 varia
837 2550 966 2620 pro
1005 2525 1268 2596 ratione
1308 2526 1621 2618 aperiunt
1668 2526 2025 2598 claudunt-

619 2647 760 2717 que
801 2645 931 2716 pro
968 2620 1210 2691 lubim.
1334 2620 1530 2690 Haec
1562 2618 1833 2715 forceps
1871 2622 2024 2692 lon-

623 2716 957 2811 gitudinis
998 2743 1056 2786 1.
1092 2715 1206 2786 lin.
1241 2715 1618 2809 composita
1659 2741 1743 2789 ex
1778 2716 2022 2788 articu-

697 2857 701 2861 -
1940 2812 2022 2883 lis

412 2967 471 3023 e)
504 2953 583 3009 m.
628 2969 710 3007 DE
749 2966 984 3006 LINNE.
1051 2953 1104 3003 in
1143 2944 1515 3003 Amoenitatib‘s
1546 2944 1760 3005 academ.
1796 2949 1912 3002 Vol.
1947 2955 1968 3003 Ι
1981 2955 2022 3008 1.

485 3048 594 3100 pag.
617 3045 708 3089 133.
735 3044 850 3090 434.
885 3038 931 3076 et
964 3024 1104 3077 alibi.

415 3129 471 3192 d)
507 3131 625 3177 Sunt
656 3128 752 3175 sine
785 3124 939 3175 dubio
972 3123 1033 3176 les
1070 3126 1238 3192 Carpes
1270 3094 1624 3175 de'1013LOT
1665 3137 1787 3190 quos
1816 3118 1943 3172 vidit
1967 3121 2022 3169 in

485 3198 731 3252 infusione
759 3197 1002 3257 foliorum
1023 3201 1224 3269 Sennae,
1255 3196 1288 3269 l,
1305 3200 1426 3269 GT·
1447 3201 1490 3254 J.
1515 3199 1571 3253 P.
1590 3198 1660 3252 ΙΙ,
1682 3190 2023 3266 pag.1.⁰.Tab.

488 3267 799 3346 afficias.
