2111 3567
276 197 359 261 28
488 198 716 249 sacar.
768 197 814 247 1.
913 195 1228 247 PARTES
1282 196 1758 253 ANIMALES.

269 357 405 431 aeri
422 357 641 426 libero
672 349 953 447 exposui
978 355 1245 426 vnciam
1281 377 1504 438 Vnam,
1530 378 1701 450 quae
1732 354 1959 428 ouulis

270 474 554 547 quoque
580 447 956 520 muscarum
998 448 1442 543 conspurcata
1469 469 1630 523 erat.

370 548 426 619 d.
470 569 565 635 15.
619 550 780 643 Aug.
857 544 915 615 h.
956 572 1022 639 4.
1069 566 1224 643 pom.
1313 543 1554 618 Affudi
1598 567 1807 641 aquae
1833 565 1960 638 pu·-

270 642 554 716 rissimae
592 645 822 710 vncias
865 639 1048 714 duas.

375 739 433 807 h.
447 759 519 824 5.
622 734 911 805 Guttam
945 732 1342 823 examinaui,
1372 755 1442 804 et
1482 734 1633 828 post
1667 729 1960 824 elapsum

272 832 416 907 hoc
445 832 648 901 horae
682 828 963 923 spatium
991 830 1263 926 copiam
1292 827 1725 903 veficularum
1763 828 1967 897 flaue-

273 925 613 1000 scentiurn
640 925 811 995 milii
844 922 1361 1019 magnitudinis,
1411 943 1481 995 et
1506 923 1770 1020 aliquot
1800 918 1973 991 mas-

277 1019 446 1093 sulas
475 1044 558 1091 ex
583 1019 964 1092 minoribus
992 1018 1346 1090 moleculis
1373 1016 1780 1113 compositas
1805 1014 1972 1102 vidi,

278 1117 503 1188 nullae
549 1114 826 1187 aderant
870 1114 1197 1185 veficulae
1238 1136 1496 1196 aereae,
1558 1110 1822 1207 sparsim
1854 1132 1971 1180 au-

280 1233 423 1282 tem
471 1208 849 1281 moleculae
899 1209 1087 1281 albae
1140 1207 1505 1280 consuetae
1548 1206 1974 1287 distributae,

280 1304 571 1377 fluidum
617 1304 750 1375 iam
801 1304 1156 1399 aliqualem
1210 1302 1590 1399 putredinis
1627 1299 1974 1379 foetorem

279 1398 670 1472 assumserat.
2007 1453 2012 1462 ,,

383 1495 445 1569 d.
483 1502 566 1565 16.
610 1496 668 1566 h.
712 1520 793 1564 10.
833 1496 989 1589 vesp.
1089 1494 1360 1566 Tenuis
1401 1493 1715 1588 pellicula
1760 1490 1976 1591 splen·

281 1590 451 1665 dens
481 1588 656 1683 tegit
680 1589 1019 1693 liquorem
1046 1589 1505 1661 rubicundum
1533 1588 1808 1659 modice
1834 1587 1981 1657 foe-

280 1707 568 1758 tentem.
667 1685 888 1755 Gutta
915 1686 1231 1757 continet
1268 1681 1701 1755 minutiffima
1729 1681 1980 1753 tardiu-

282 1779 465 1854 scule
493 1777 623 1851 sese
661 1779 1013 1860 mouentia
1038 1779 1462 1864 animalcula,
1505 1776 1980 1874 copiofiffimas

283 1897 515 1949 autem
548 1872 847 1962 massulas
874 1875 1285 1946 vesiculares.

388 1972 444 2044 d.
475 1996 564 2042 20.
597 1970 654 2040 h.
662 1997 733 2059 9.
776 1991 925 2040 mat.
1024 1968 1441 2042 Intolerabili
1486 1993 1673 2043 nunc
1709 1968 1981 2041 foetore

285 2067 635 2140 imbutum
667 2065 759 2137 est
806 2062 1133 2153 infusum,
1182 2065 1387 2137 ouula
1427 2064 1803 2136 muscarum
1850 2065 1984 2134 iam

287 2164 365 2235 in
391 2184 658 2232 vermes
684 2159 951 2230 dimidii
989 2160 1259 2251 pollicis
1296 2160 1765 2253 magnitudine
1808 2159 1983 2230 abie-

291 2282 406 2347 re,
446 2255 890 2351 copiofiffima
936 2256 1169 2326 viuide
1207 2255 1694 2350 celerrimeque
1739 2255 1802 2338 se
1833 2279 1986 2335 mo·
2059 2346 2070 2351 ,

291 2353 528 2425 nentia
554 2348 783 2421 insunt
810 2349 1223 2422 animalcula.

386 2446 440 2520 d.
472 2473 525 2529 2,
557 2452 717 2540 Sept.
744 2447 800 2515 h.
831 2468 913 2516 10.
955 2450 1108 2538 vefi).
1207 2449 1472 2520 Praeter
1511 2471 1722 2521 vnum
1752 2448 1857 2525 vel
1899 2448 1986 2523 al-

290 2564 517 2617 terum
548 2541 1027 2612 animalculum
1058 2541 1245 2616 tarde
1270 2566 1736 2630 commotum,
1789 2565 1859 2617 et
1886 2545 1991 2615 in-

295 2661 609 2710 numeras
648 2635 1054 2728 moleculas‚
1081 2663 1246 2732 quas
1282 2663 1412 2734 pro
1448 2641 1826 2712 demortuis
1868 2639 1988 2712 ha-

295 2734 437 2810 beo
478 2731 930 2820 animalculis,
990 2735 1086 2804 nil
1130 2733 1433 2810 notabile
1476 2735 1729 2818 inueni.
1831 2736 1990 2810 No-

294 2852 450 2900 uam
484 2851 724 2920 aquam
764 2825 989 2898 affudi.

397 2921 451 2992 d.
491 2929 694 2994 10-16.
792 2923 1064 2996 Praeter
1106 2924 1302 2996 exilia
1343 2924 1670 3023 quaedam
1714 2923 1990 2997 animal-

299 3018 452 3096 cula
476 3015 562 3087 nil
596 3018 1033 3091 memorabile
1061 3017 1588 3097 obseruauimUS.
1689 3021 1993 3095 Carnem

301 3112 465 3198 elui,
513 3130 581 3188 et
609 3134 862 3186 nouam
893 3138 1132 3211 aquam
1149 3114 1373 3224 affudi.

1818 3267 1873 3345 d.
1903 3292 1992 3361 23.
