2111 3567
282 186 367 232 10
496 182 722 232 SECT.
775 183 821 232 Ι.
920 182 1234 233 PARTES
1284 184 1767 240 ANIMALES.

271 361 302 414 1
328 340 370 384 ⁰
402 397 416 410 .
522 344 592 409 In
613 360 738 409 toto
768 345 1063 410 vermium
1089 340 1380 425 ambim,
1430 365 1565 438 ope
1594 343 1963 417 microsco·

362 434 460 528 pii
489 434 836 507 cuiusdam
868 432 1216 532 simplicis,
1245 437 1448 509 vnice
1499 439 1642 511 vidi
1684 441 1962 512 tenerri-

1776 555 1960 606 mam

417 702 594 756 parum
624 684 930 754 serpentinus
955 685 1035 739 est.
1108 689 1209 739 Vbi
1242 687 1295 738 in
1319 704 1530 756 corpore
1552 686 1799 741 descendit
1833 688 1960 741 illud

419 757 809 826 receptaculum,
839 758 1005 810 senfim
1021 761 1230 830 amplius
1248 761 1323 822 fit,
1345 779 1405 810 eo
1435 778 1556 811 vero
1575 765 1838 826 angustius,
1858 781 1958 832 quo

417 834 571 896 magis
609 830 668 880 ad
702 830 930 900 spiralem
970 836 1153 884 accedit
1195 833 1539 884 directionem.
1631 839 1762 886 llaec
1784 834 1957 886 vltima

415 921 616 973 quoque
645 921 756 972 pars
795 908 948 969 magis
983 907 1194 976 pellucet
1232 923 1378 975 quam
1411 905 1591 957 canalis
1614 906 1959 977 spermaticus,

413 975 599 1045 illaque
625 980 849 1028 materia
870 978 982 1029 alba
1016 983 1176 1030 minus
1211 979 1357 1051 plena
1382 978 1662 1048 refertaque
1688 983 1770 1035 est.
1816 983 1958 1031 Tan-

417 1048 527 1098 dem
553 1049 718 1100 versus
743 1069 1012 1102 concauum
1046 1054 1226 1104 vermis
1248 1053 1522 1117 marginem
1539 1053 1804 1119 emuntur,
1839 1055 1959 1104 etin

416 1121 722 1191 superficiem
755 1123 981 1176 distinete
1014 1127 1151 1176 hiatu
1186 1143 1358 1194 parum
1381 1128 1625 1176 contreeta
1650 1135 1795 1195 patet.
1836 1129 1958 1178 Non

414 1197 559 1265 patet*
575 1193 734 1245 solum
752 1235 766 1261 ‚
795 1197 873 1246 sed
891 1198 1202 1249 tuberculum
1227 1197 1288 1251 ad
1313 1199 1552 1248 ambitum
1567 1212 1824 1268 aperturae
1840 1215 1956 1267 pro·

413 1270 569 1317 minet
591 1267 897 1333 distine’tum,
930 1282 976 1320 et
1002 1271 1210 1341 speciem
1249 1270 1461 1325 duorum
1488 1269 1736 1322 labiorum
1769 1270 1959 1337 refert,

413 1341 447 1390 fi
480 1359 506 1388 a
548 1339 701 1391 latere
724 1340 850 1392 illud
868 1344 1177 1394 tuberculum
1212 1343 1494 1412 adspicitur.
1562 1349 1805 1413 Apertura
1836 1346 1958 1394 haee

409 1414 473 1461 ab
508 1416 658 1464 initio
690 1415 868 1465 caudae
897 1414 1079 1466 lineam
1109 1432 1158 1467 et
1181 1417 1390 1489 amplius
1414 1418 1611 1468 circiter
1631 1417 1788 1475 distat.
1824 1422 1960 1469 Con·

412 1489 615 1536 ueniens
637 1506 744 1537 cum
777 1489 923 1546 simili
954 1492 1007 1539 in
1035 1490 1287 1540 lumbricis
1321 1489 1501 1549 canalis
1539 1491 1808 1554 strunium,
1844 1507 1952 1560 par-

408 1571 576 1628 tesque
622 1573 898 1624 contentae,
928 1565 1260 1624 generationis
1300 1579 1503 1617 munera
1532 1563 1646 1621 huic
1680 1561 1845 1618 :lueiui
1871 1560 1956 1612 ad-

407 1630 621 1682 scribere
648 1633 835 1683 iubenn
888 1638 1114 1690 Extrema
1142 1653 1255 1704 pars
1283 1635 1427 1684 huius
1458 1633 1636 1684 canalis
1659 1635 1718 1684 ad
1741 1634 1953 1684 alterum

407 1708 590 1754 vermis
614 1703 816 1774 planum
841 1708 934 1769 est,
973 1707 1032 1755 ad
1054 1706 1263 1757 alterum
1293 1725 1418 1758 vero
1444 1706 1747 1757 alimentaris
1771 1705 1966 1757 canalis

340 1797 345 1802 ·
403 1778 624 1841 habitat,
664 1780 730 1832 ita
776 1790 827 1828 vt
855 1780 943 1828 fibi
970 1782 1100 1849 quasi
1128 1781 1429 1830 incumbant.
1495 1785 1736 1848 Apertura
1765 1798 1865 1830 non
1889 1781 1955 1829 est

405 1852 571 1900 exne-”te
599 1855 650 1900 in
685 1854 839 1920 partis
869 1871 1114 1903 concanae
1147 1853 1346 1914 medio,
1384 1851 1461 1902 sed
1496 1852 1660 1903 versus
1690 1852 1816 1903 iilud
1852 1852 1953 1922 pla-

405 1941 522 1972 num
549 1923 814 1988 dirigitur,
865 1927 916 1974 in
950 1945 1050 1995 quo
1085 1924 1265 1977 canalis
1306 1928 1639 1991 generationis
1676 1922 1952 1988 descendit,

403 1997 522 2047 hinc
551 1997 634 2047 sub
662 1997 989 2067 microscopio
1017 2002 1158 2051 vnice
1185 2002 1235 2058 in
1259 1998 1350 2058 illo
1373 1998 1525 2049 latere
1546 1999 1756 2051 videtur.
1800 2004 1955 2068 Aper-

407 2084 518 2121 tura
555 2069 735 2134 canalis
767 2075 1102 2135 generationis
1138 2075 1191 2122 in
1220 2090 1388 2123 verme
1419 2076 1632 2133 recenti,
1653 2091 1761 2122 cum
1794 2070 1952 2122 canali

409 2141 694 2203 alimentari
721 2145 853 2212 quasi
878 2144 1231 2206 confunditur,
1268 2146 1335 2202 ita
1363 2157 1549 2196 vtvnus
1576 2143 1780 2194 alterum
1796 2157 1949 2209 tegat:

406 2222 466 2269 In
492 2217 722 2276 exfiecato
745 2217 916 2268 'autem
949 2236 1147 2282 verme,
1183 2220 1444 2269 contrafiis
1475 2220 1714 2286 partibus,
1739 2220 1952 2287 propior

409 2287 468 2339 ad
494 2291 766 2355 marginem
794 2308 1062 2341 concauum
1090 2295 1154 2342 est
1181 2289 1361 2342 canalis
1377 2291 1704 2354 alimentaris,
1739 2290 1950 2340 muitum

407 2356 638 2425 tenuior,
701 2366 852 2429 magis
881 2366 933 2414 in
956 2363 1123 2415 medio
1156 2367 1336 2415 vermis
1379 2363 1558 2413 canaiis
1596 2365 1950 2428 generationis,

405 2440 658 2488 111.verme
684 2439 870 2490 recenti
912 2436 1081 2493 colore
1110 2457 1213 2488 non
1255 2435 1650 2500 distinguuntur,
1702 2438 1787 2486 nifi
1815 2434 1948 2505 quod

405 2509 664 2565 obscurior
691 2512 743 2559 fit
779 2509 958 2560 canalis
992 2510 1323 2572 aliinentari5‚
1376 2512 1429 2575 in
1451 2510 1571 2559 ficco
1600 2508 1780 2559 canalis
1804 2527 1948 2574 gene-

405 2585 613 2632 rationis
644 2596 903 2649 argenteus
938 2585 1068 2651 quasi
1094 2587 1158 2635 est
1192 2597 1338 2652 atque
1380 2580 1657 2651 pellucens,
1695 2581 1947 2649 fuscusJest

405 2654 584 2705 canaiis
608 2654 939 2718 alimentaris‚
997 2660 1257 2726 minusque
1298 2654 1522 2724 pellucet·
1595 2659 1757 2705 Partes
1782 2658 1949 2723 itaque

403 2731 735 2791 generationis
766 2731 915 2779 variis
943 2731 993 2777 in
1028 2729 1220 2779 sedibus
1249 2727 1407 2778 canali
1436 2727 1720 2779 alimentari
1743 2730 1950 2778 circum·

403 2813 689 2870 ponuntur,
723 2813 775 2851 vt
804 2803 934 2869 quast
969 2801 1076 2851 illas
1100 2801 1350 2872 perforari
1384 2800 1660 2852 videantur·

471 2891 498 2933 9
521 2875 552 2904 0
577 2912 592 2924 .
644 2876 907 2924 Succeffiue
936 2889 1096 2943 parte-s
1119 2888 1368 2926 contentas
1394 2876 1795 2925 examinauimus.
1834 2874 1946 2922 Per·

401 2945 714 2999 scindebatur
746 2947 1138 3017 receptaculum,
1194 2960 1240 2999 et
1264 2950 1524 2997 innumera
1546 2944 1692 2997 ouula
1726 2946 1944 2995 fluminis

400 3024 547 3069 instar
579 3023 848 3088 profluunt.
926 3024 1130 3072 Seruant
1155 3023 1359 3086 figuram
1384 3016 1562 3070 canalis
1580 3057 1595 3085 ,
1653 3031 1700 3069 et
1724 3016 1947 3068 distinete

400 3097 624 3143 innatant
649 3093 837 3163 liquori
875 3093 1066 3144 cuidam
1095 3097 1283 3158 tenaci,
1322 3095 1408 3162 qui
1435 3095 1607 3144 omnia
1635 3091 1798 3142 innexa
1830 3108 1946 3141 con-

388 3165 581 3218 seruat.
674 3167 854 3217 Eadem
894 3166 1162 3218 ouulorum
1206 3169 1450 3237 quantitas
1481 3168 1534 3215 in
1582 3161 1946 3216 trichuridibus

394 3241 651 3294 inuenitur
684 3258 738 3290 ae
762 3244 813 3291 in
847 3239 1134 3310 lumbricis,
1168 3243 1221 3293 in
1255 3238 1564 3312 receptaculo
1604 3255 1762 3309 aeque
1794 3253 1943 3319 quain

1885 3325 1942 3360 m
