2111 3567
322 132 415 225 96
698 150 1134 203 sEcT.111.
1233 149 1707 208 EP1cR18Es

509 307 787 380 humani
837 309 1148 395 cmffide,
1209 307 1377 384 hinc
1428 314 1590 385 inde·
1631 339 1755 408 per
1791 339 2008 391 aream

511 403 810 499 dispersa.
914 406 1147 477 Simile
1184 409 1346 501 quid
1379 431 1447 480 et
1477 412 2011 483 alii-horumani..

506 501 956 572 malculorum
1011 502 1333 575 viderunt
1397 503 1862 578 obseruatores
1909 509 2008 579 vti

510 593 762 667 Buffon
796 600 920 668 &o

415 687 487 783 b)
547 692 851 785 Copiosa
888 691 1282 764 animalcula
1320 695 1619 767 viuentia
1659 697 2010 770 celerrime

509 809 735 871 mota,
759 790 880 859 alia
912 809 1178 859 motum
1215 792 1578 862 tremulum
1622 793 2010 864 oscillatori·

505 906 623 953 um
672 885 940 955 tardum
981 886 1379 980 lentumque
1418 886 1694 971 habent,
1754 890 1873 958 alia
1902 913 2010 959 ro·
2100 944 2102 949 .

502 982 832 1052 tatorium
870 980 1047 1052 circa
1078 983 1431 1076 proprium
1469 983 1641 1053 axin.
1742 982 2010 1055 Pedum

505 1074 819 1146 culorum
849 1074 982 1148 fiue
1014 1079 1373 1147 caudarum
1409 1080 1477 1149 in
1521 1077 1792 1149 diuet-fis
1833 1080 2011 1150 indi-

503 1171 730 1241 uiduis
793 1170 1048 1242 diuersa
1102 1171 1489 1265 longitudo,
1593 1173 1745 1245 Alia
1816 1175 2008 1246 illum
2067 1215 2071 1219 1

498 1267 966 1358 petiunculam
988 1267 1572 1360 longitudinaliter
1606 1268 1755 1362 post
1788 1266 1848 1339 se
1879 1291 2012 1341 tra·

500 1362 713 1443 hunt,
739 1363 858 1431 alia
892 1364 990 1432 vti
1023 1386 1221 1434 canes
1250 1387 1407 1432 cum
1442 1366 1685 1445 cauda,
1732 1364 1824 1436 ita
1849 1390 2009 1437 cum

499 1457 901 1552 pedunculo
965 1458 1245 1539 ludunt,
1313 1458 1435 1528 alia
1488 1458 1711 1529 versus
1764 1476 2008 1532 omnes

499 1555 729 1648 plagas
758 1552 1244 1638 excurrebant,
1275 1554 1506 1626 omnia
1536 1554 1837 1627 eiusdem
1857 1548 2010 1629 sunt

496 1648 1008 1742 magnitudini&
1158 1735 1162 1737 Α

409 1750 480 1835 c)
530 1745 707 1818 Aliis
753 1742 1184 1839 temporibus
1225 1743 1294 1815 in
1344 1744 1467 1815 alia
1510 1764 1736 1839 gutta,
1800 1769 2005 1839 quam

497 1840 940 1914 solummodo
993 1839 1178 1911 vitro
1234 1841 1631 1912 instillabam
1693 1842 2005 1927 madido,

498 1935 635 2009 fine
666 1935 833 2005 facla
877 1936 945 2015 in
992 1959 1162 2029 aqua
1204 1935 1578 2019 solutione,
1625 1938 1855 2008 omnia
1897 1961 2004 2009 ea-

497 2035 656 2104 dem
680 2031 1006 2120 vidimus,
1054 2029 1169 2101 nifi
1203 2033 1389 2125 quod
1412 2033 1617 2104 multa
1642 2034 2003 2103 animalcu-

494 2129 592 2211 la,
638 2128 1042 2222 pedunculis
1071 2126 1197 2198 suis
1227 2128 1583 2199 adhaerere
1616 2128 1782 2200 mihi
1818 2129 2005 2200 vide·‘

493 2226 744 2298 bantur
780 2221 1124 2293 ramulofis
1168 2222 1559 2305 filamentis,
1611 2249 1763 2295 nam
1799 2225 2000 2296 vnice

473 2339 771 2401 ,motum
802 2316 992 2388 suum
1022 2319 1283 2389 tardum
1303 2375 1318 2400 ‚
1339 2316 1485 2389 satis
1513 2317 1997 2394 oscillatorium

494 2417 570 2489 in
597 2414 1014 2486 ramulorum
1058 2414 1338 2508 regione
1380 2414 1835 2508 perficiebant.
1893 2418 1999 2488 ln-

491 2511 766 2585 terdurn
791 2534 1026 2604 parum
1060 2516 1142 2582 ad
1170 2510 1502 2581 anteriora
1532 2512 1997 2598 excurrebant,

493 2630 663 2678 mox
697 2605 1051 2700 pristinum
1098 2630 1265 2677 vero
1308 2604 1523 2676 rursus
1563 2610 1998 2698 occupabant

491 2702 766 2785 locum,
797 2725 1018 2771 veram
1053 2724 1276 2772 autem
1301 2701 1719 2796 polyporum
1752 2704 1820 2772 in
1846 2729 1997 2774 mo-

491 2798 659 2868 dum
698 2796 1159 2867 extensionem
1197 2822 1336 2867 non
1372 2799 1530 2872 v1di.
1635 2801 1818 2868 Raro
1847 2800 1993 2892 qui·

493 2892 654 2963 dem
681 2891 764 2962 ab
794 2892 934 2963 aliis
963 2892 1390 2962 adhaeflones
1436 2894 1994 2968 animalculorum

490 2984 1049 3080 spermaticorum
1088 2990 1167 3058 ad
1206 3012 1454 3081 corpus
1491 2990 1831 3083 quoddam
1876 3016 1995 3083 pe-

489 3083 837 3174 regrinum
872 3081 1342 3165 obseruantur,
1374 3108 1532 3152 cum
1551 3107 1991 3181 praeceptum

489 3173 604 3264 fit,
664 3196 1023 3274 ‘tt-omnes
1060 3177 1242 3252 illam
1295 3177 1853 3254 consuetudinem
1898 3180 1993 3251 se·

1780 3298 1991 3371 quan·
