2111 3567
315 71 541 123 SECT.
587 71 634 119 Ι.
731 67 1049 118 PARTES
1098 63 1565 116 ANIMALES.
1734 70 1780 138 9

122 227 428 319 adeoque
465 225 801 317 stagnante
829 221 1344 312 afferuabantur,
1393 221 1567 292 circa
1605 239 1779 316 quos

122 319 462 415 sequentia
489 317 973 395 annotauimus,

1016 436 1171 517 As
1632 433 1784 505 10.

272 592 500 642 vlteriori
526 591 776 660 progreflu
808 583 971 639 denuo
1003 600 1323 652 extenuatur,
1371 590 1645 656 iterumque
1670 585 1784 637 late.

272 663 373 716 scit.

346 775 376 823 7
397 758 428 790 0
454 795 467 811 .
517 758 700 807 Totius
737 757 914 806 vermis
947 756 1202 806 substantia
1239 754 1322 804 sub
1345 753 1668 820 microscopio
1691 750 1786 802 ele·

266 843 446 896 ¹gauter
480 828 762 892 granulata,
796 830 925 897 quasi
950 833 1110 877 omnis
1139 846 1196 876 ex
1220 829 1434 876 minimis
1455 825 1666 875 eiusdem
1689 841 1788 872 ma-

276 900 573 967 gnitudinis,
637 900 740 949 fere
770 905 837 949 vti
877 904 926 949 in
964 899 1184 968 polypis,
1239 897 1491 949 moleculis
1535 897 1787 955 coufech,

278 986 494 1041 apparet.
561 977 648 1021 Per
675 970 1026 1041 longitudinem
1053 987 1199 1022 totam
1225 973 1405 1022 vermis
1425 969 1788 1033 conspiciuntur

278 1047 419 1095 striae
450 1044 776 1108 transuersae,
814 1060 935 1113 quae
963 1044 1129 1111 procul
1163 1042 1332 1107 dubio,
1360 1043 1389 1089 fi
1416 1042 1698 1091 ratiocinari
1716 1037 1788 1088 fas

277 1119 373 1177 cst,
408 1115 528 1166 nihil
557 1114 687 1165 aliud
708 1116 814 1165 sunt
841 1133 983 1184 quam
1012 1114 1213 1165 musculi
1240 1113 1498 1162 ‘transuerti
1527 1110 1789 1161 animalcu-

277 1187 380 1236 lum
413 1190 815 1251 constringentes,
867 1207 927 1244 eo
960 1189 1133 1243 melius
1165 1187 1375 1240 distinfti
1405 1186 1436 1239 fi
1472 1184 1662 1239 modice
1704 1184 1791 1234 t'ri-

279 1261 442 1311 churis
480 1261 812 1313 exficcabatur„

353 1364 377 1411 8
400 1354 431 1385 0
453 1391 465 1404 .
509 1357 598 1406 Per
622 1364 815 1406 onmem
846 1357 1169 1406 extensionem
1207 1358 1443 1425 corporis·
1468 1352 1793 1420 longitudinas

280 1425 398 1488 lem,
433 1426 609 1476 canalis
646 1427 859 1477 decurrit
889 1428 1024 1477 albus
1050 1427 1237 1495 spiralis
1266 1431 1466 1479 materie
1492 1427 1696 1496 quadam
1726 1424 1796 1473 al-

280 1500 465 1548 bissima
488 1518 586 1548 uon
613 1498 881 1567 pellucente
916 1498 1100 1568 plenus.
1176 1503 1342 1568 Spirae
1376 1499 1696 1567 disponuntur
1723 1496 1794 1546 fe·

282 1588 337 1620 re
365 1573 432 1620 vti
456 1573 506 1620 in
534 1573 650 1619 vasis
679 1570 974 1638 spermaticis
1004 1572 1252 1635 humanis,
1313 1588 1407 1621 vna
1439 1572 1615 1620 lamina
1651 1568 1795 1618 alteri

284 1644 414 1709 quasi
446 1646 737 1709 apponitur,
790 1656 840 1693 vt
894 1642 1108 1710 perfeeto
1139 1645 1430 1712 corporibus
1467 1640 1792 1711 painpinifor-

283 1717 447 1763 unibus
480 1713 652 1764 similes
685 1715 786 1774 fint.
854 1717 1055 1772 Initium
1090 1713 1248 1768 lineae
1280 1719 1439 1765 minus
1467 1732 1668 1767 curuum
1698 1715 1791 1775 eft,

282 1803 342 1834 cx
367 1786 474 1860 ipso
500 1787 653 1847 capite
685 1786 716 1835 s.
748 1798 885 1857 parte
925 1789 1171 1836 anteriore
1203 1791 1382 1837 vermis
1423 1785 1690 1856 paullulum
1720 1787 1793 1834 in-

283 1875 460 1919 curua3
497 1861 728 1915 structura
750 1860 919 1919 eodem
945 1859 1047 1915 fere
1071 1859 1220 1909 modo
1250 1872 1529 1929 comparata
1551 1858 1642 1909 esse
1663 1857 1796 1908 vide·

284 1944 365 1993 tur
391 1933 462 1988 vti
494 1933 545 1991 in
574 1930 842 1990 lumbricis,
899 1930 1136 2000 (saepius,
1170 1950 1260 1999 pro
1282 1931 1480 1987 insolita
1499 1933 1630 1986 beati
1659 1947 1798 2000 prac-

286 2005 497 2072 ceptoris
520 2021 633 2067 erga
659 2000 918 2072 discipulos
934 2002 1041 2057 suos
1062 2005 1378 2070 benignitate,
1410 2022 1502 2073 qua
1531 2016 1576 2060 et
1607 2020 1796 2053 contra-

286 2079 384 2127 rias
408 2073 609 2131 illorum
633 2074 895 2125 assumebat
926 2074 1166 2131 beneuola
1185 2071 1364 2133 'mente
1394 2077 1678 2136 sententias,
1736 2074 1796 2125 d'e

285 2165 405 2199 vera
421 2149 597 2205 horum
622 2146 860 2197 canalium
883 2147 1308 2212 determinatione,
1338 2162 1567 2218 certoque
1590 2147 1796 2198 illorum

287 2220 405 2281 vsu,
453 2222 600 2272 verba
635 2219 862 2275 fecimus:
915 2218 1009 2269 alia
1052 2220 1235 2289 saepius
1269 2224 1538 2286 cogitabat,
1594 2234 1639 2270 et
1670 2219 1798 2270 vidit

246 2330 255 2343 ,
288 2291 491 2343 fortaffis
507 2292 766 2359 quaedam,
803 2310 945 2361 quae,
975 2294 1149 2361 quibus
1163 2297 1407 2360 praecocis
1427 2293 1698 2357 suiingenii
1721 2307 1797 2341 re-

291 2363 436 2413 ceffus
464 2362 634 2414 occlufi
665 2376 828 2425 erant,
880 2362 987 2415 aliis
1011 2379 1108 2413 non
1136 2368 1390 2433 patebant,
1445 2365 1797 2416 recensebimus

290 2454 377 2496 ea,
416 2454 540 2504 quae
569 2455 646 2485 me
677 2438 884 2503 repititis
921 2439 1103 2488 vicibus
1134 2437 1303 2491 vidisie
1347 2453 1500 2488 certus
1532 2437 1653 2500 seio)
1710 2441 1801 2486 Ca-

291 2507 415 2558 nalis
449 2527 622 2576 nempe
650 2508 817 2557 aderat
844 2508 980 2558 albus
1031 2509 1332 2572 serpentinus
1370 2510 1678 2579 spermaticus
1700 2511 1797 2559 fine

292 2580 801 2649 dubio,“varion1odo
834 2579 1154 2643 conuolutus‚
1213 2594 1258 2632 et
1281 2582 1417 2634 circa‘
1438 2582 1653 2634 canalem
1684 2590 1804 2632 alte·

291 2669 430 2713 rum,
468 2671 610 2721 quem
631 2670 721 2720 pro
745 2651 1019 2703 alimenturi
1048 2652 1351 2705 Roedererus
1380 2656 1620 2718 agnoscit,
1657 2655 1800 2706 vario

295 2723 469 2774 ordine
503 2724 686 2774 duetus.
749 2727 990 2792 Dirigitur
1018 2729 1167 2788 magis
1195 2726 1356 2778 versus
1393 2727 1596 2779 alterum
1623 2731 1801 2777 vermis

292 2796 505 2865 planum·
580 2801 635 2853 In
662 2800 862 2861 regione
891 2799 1055 2867 capitis
1081 2800 1356 2848 continuari
1384 2798 1577 2848 videtur
1597 2801 1648 2848 in
1671 2817 1802 2865 pua·

294 2871 423 2917 rium
453 2871 486 2919 s.
506 2870 852 2936 receptaculum
869 2869 1102 2939 amplius,
1125 2873 1274 2935 magis
1297 2869 1570 2939 pellucens,
1605 2871 1735 2937 quod
1752 2876 1804 2921 in

235 2983 237 2985 .
297 2944 518 3008 opposito
562 2942 707 3009 plano
743 2946 873 2991 iuxta
911 2958 1061 2992 totam
1087 2942 1188 2991 fere
1218 2947 1399 2993 vermis
1427 2942 1802 3007 longitudinem,

295 3015 599 3063 reclilineum
625 3017 853 3080 excurrit,
870 3030 915 3064 et
936 3016 1096 3064 denuo
1114 3018 1162 3063 in
1186 3015 1645 3076 canaleiumutatur,
1672 3015 1802 3085 sper-

291 3089 468 3147 guatico
499 3086 666 3157 paullo
699 3087 1018 3159 ampliorem,
1057 3089 1138 3159 qui
1163 3105 1249 3158 pet
1272 3085 1629 3156 longitudinem
1649 3088 1804 3142 2.lin.
1870 3119 1875 3125 ‹

1635 3178 1811 3237 parum,
