2111 3567
296 119 517 177 sEc'r,
565 120 612 170 1.
709 115 1029 167 PARTES
1074 111 1548 162 ANIMALES.
1676 94 1755 180 1'3

197 273 636 347 malculorum
685 268 1190 352 infusoriorum‚
1242 293 1326 339 ex
1367 266 1759 361 pedunculo

190 368 657 462 pendentium,
682 365 1081 455 illorumque
1096 362 1421 431 maiorum
1439 360 1760 445 oualium‚

201 464 516 557 pleraque
547 457 1006 552 quiescebant,
1048 455 1168 525 alia
1205 455 1517 548 peculiari
1564 473 1764 521 motu

199 557 280 625 ad
322 554 529 624 varias
567 550 968 621 direfflones
1008 548 1351 641 protrae‘io
1391 545 1765 616 moueban-

199 667 338 719 tur:
393 645 514 714 alia
545 645 744 715 etiam
777 640 908 714 fine
938 641 1328 734 pedunculo
1361 641 1422 734 in
1448 662 1612 732 aqna
1649 660 1764 707 na·-

197 755 376 822 tanft,
421 737 677 808 nudum
705 760 868 806 vero
896 734 1026 805 fine
1064 735 1460 803 aninialculo
1507 732 1766 824 pedun-

199 832 427 903 culum
468 855 609 902 non
650 831 806 901 vidi.
920 825 1039 922 Ipfi
1084 827 1173 895 illi
1214 826 1577 920 pedunculi
1617 848 1764 917 par·
1859 888 1861 890 ,

199 928 320 998 tim
341 926 637 1020 pendent
654 948 735 994 ex
757 946 1003 1003 verme,
1029 920 1266 1014 partin]
1305 945 1387 990 ex
1418 942 1625 990 muco
1644 939 1764 1011 pei:

197 1042 435 1113 aquam
480 1017 712 1112 paffim„
745 1016 1126 1101 distributo,
1180 1014 1525 1108 vermique
1556 1014 1765 1084 etiam

185 1113 602 1187 adhaerente..
1385 1153 1390 1158 -
1755 1155 1757 1158 -

108 1251 140 1298 2
173 1227 212 1272 0
244 1287 258 1301 .
352 1217 570 1300 Muciss·
598 1250 761 1309 totus
794 1253 871 1300 ex
901 1223 1163 1316 vess'culis
1199 1218 1646 1316 compositus,
1693 1239 1766 1291 et:

195 1321 492 1394 absolute
528 1325 768 1394 eodem
805 1325 1018 1394 modo
1065 1341 1336 1414 apparet
1377 1341 1453 1386 ac
1492 1314 1767 1385 animal-

134 1499 138 1504 ,
201 1416 381 1498 cula,
428 1440 595 1509 quae
631 1418 873 1510 pariter
897 1441 979 1486 ex
1012 1414 1310 1491 vesiculis
1334 1431 1770 1503 componun.-

104 1567 108 1569 .
197 1511 614 1581 turzcanales
652 1510 945 1582 mucoris
985 1532 1127 1579 non
1154 1503 1410 1576 adsunt.
1610 1520 1612 1522 ’

106 1653 138 1717 3
174 1629 214 1670 0
243 1684 256 1697 .
358 1625 742 1695 Animalcula
780 1631 1071 1696 natantia
1102 1622 1315 1691 variae
1357 1618 1555 1689 molis
1587 1616 1770 1702 sunt,

194 1720 475 1788 minima
514 1739 659 1791 tota
702 1718 1073 1798 circularia,
1141 1715 1249 1787 seu
1300 1714 1573 1783 vnicum
1619 1714 1768 1806 glo-

198 1812 429 1882 bulum
459 1812 909 1896 constituunt,
956 1812 1206 1882 maiora
1229 1828 1428 1880 onata
1456 1832 1538 1877 ex
1563 1807 1771 1902 pluri-

192 1906 320 1976 bus
347 1903 648 1976 veficulis
685 1905 1019 1997 congesta.
1760 1929 1769 1937 ⁷

100 2047 146 2110 4
171 2023 214 2066 0
245 2079 259 2092 .
356 2019 571 2112 Polypi
595 2019 697 2090 illi
723 2017 993 2109 nonfimt
1017 2016 1286 2101 ramosi,
1311 2015 1438 2088 sed
1455 2040 1537 2088 ex
1552 2015 1772 2109 fingu-

194 2114 274 2186 lis
302 2112 698 2208 pedunculis
725 2113 973 2206 lingula
1019 2114 1321 2208 pendent
1356 2111 1771 2184 animalcula.·

11 2313 22 2338 ‚
103 2263 136 2323 5
170 2230 254 2307 ‘³-
347 2234 688 2316 Fortiffuna
713 2238 864 2328 solis
890 2233 1076 2320 luce,
1103 2259 1139 2306 a
1175 2231 1514 2331 superiore
1553 2257 1768 2329 aeque

1685 2349 1767 2398 ac:
1861 2380 1864 2381 ν

248 2484 360 2537 uani
376 2524 390 2546 ,
407 2494 453 2534 et
476 2496 534 2533 ex
557 2480 966 2535 annotatiunculis
989 2481 1120 2535 hausi
1136 2522 1152 2548 ‚
1191 2481 1331 2553 plura
1346 2522 1362 2545 ‚
1393 2480 1697 2549 melioraque
1714 2482 1768 2531 ‘v-

247 2576 308 2608 na
336 2575 442 2607 cum
471 2559 715 2619 iconibus,
746 2556 823 2608 vel
846 2576 903 2607 ex
927 2559 1035 2624 ipfis
1061 2559 1259 2608 Autoris
1283 2558 1568 2625 posthumis,
1601 2555 1678 2603 vel
1706 2569 1768 2604 ex

246 2628 532 2679 dilefflissimi
549 2644 594 2677 et
615 2628 782 2679 Celeb.
812 2644 869 2680 W
882 2644 921 2679 A
940 2643 977 2680 G
996 2645 1024 2679 L
1041 2644 1070 2679 E
1086 2644 1119 2679 R
1136 2645 1153 2680 1
1169 2669 1185 2692 ,
1213 2627 1497 2678 Professoris
1522 2642 1568 2676 et
1589 2626 1769 2675 medici

245 2700 596 2753 Brunsuicenlis
613 2699 886 2767 felicissimi,
909 2701 1102 2750 erudito
1115 2703 1318 2752 traffiatu
1336 2700 1624 2768 expeelamla
1643 2699 1765 2751 sunt,

245 2772 434 2824 Publici
460 2775 721 2833 intererat,
746 2786 794 2822 vt
810 2773 975 2840 paullo
989 2775 1191 2824 vberior
1215 2775 1392 2822 vermis
1417 2772 1659 2821 cuiusdam
1687 2770 1768 2817 de-

251 2844 450 2912 scriptio
464 2844 714 2909 ederetur,
733 2845 936 2911 quialiis
952 2863 1148 2914 quoqne
1173 2849 1224 2894 in
1251 2849 1540 2894 Germaniae
1564 2846 1769 2910 prouin-

170 2919 175 2922 ”
252 2919 336 2965 ciis
356 2917 722 2984 ,eodemquein
751 2921 927 2966 morbo
953 2917 1235 2966 obseruatus
1254 2929 1370 2965 erat.
1423 2920 1528 2965 Huc
1556 2919 1768 2983 pertinet

250 2988 428 3037 relatio
459 3006 483 3035 a
516 2988 750 3052 Waglero
774 3006 884 3038 meo
912 2990 1033 3037 mihi
1058 2989 1387 3058 suppeditata,
1436 2991 1512 3036 cui
1531 2990 1590 3035 ab
1618 2989 1765 3037 initio

248 3062 366 3108 anni
400 3065 526 3122 ¹763-
546 3077 603 3108 ex
635 3062 909 3128 principatu
936 3060 1287 3121 Waldeckenst,
1310 3073 1356 3108 et
1379 3062 1606 3108 historiae
1634 3076 1767 3109 mor·

251 3132 428 3183 butum
448 3145 494 3182 et
517 3133 839 3183 trichuridum
868 3132 1130 3204 specimina
1157 3131 1425 3184 transmifl'a
1455 3131 1670 3183 fuerunt.
1715 3172 1718 3179 .
